2025-03-05 02:27:21.603687, 320, 240, 8.3150, -0.0016, -0.0112, 0.0021, 0.3040, -9.0908, 0.0686
2025-03-05 02:27:22.636011, 320, 240, 7.9270, -0.0037, -0.0075, 0.0027, 0.3040, -9.0908, 0.0098
2025-03-05 02:27:22.670442, 320, 240, 8.2570, -0.0032, -0.0091, 0.0021, 0.2844, -9.0908, 0.0000
2025-03-05 02:27:23.303912, 320, 240, 7.8740, -0.0016, -0.0059, 0.0027, 0.2844, -9.0908, -0.0098
2025-03-05 02:27:23.337315, 320, 240, 8.6790, 0.0037, -0.0080, -0.0005, 0.2844, -9.0908, 0.0000
2025-03-05 02:27:23.403978, 320, 240, 7.3850, -0.0005, -0.0091, 0.0027, 0.2844, -9.0712, 0.0294
2025-03-05 02:27:23.437197, 320, 240, 8.2570, -0.0027, -0.0069, 0.0032, 0.2844, -9.0908, 0.0098
2025-03-05 02:27:23.504516, 320, 240, 8.1440, -0.0016, -0.0101, -0.0011, 0.2844, -9.0712, -0.0098
2025-03-05 02:27:23.537410, 320, 240, 7.6710, 0.0016, -0.0101, 0.0032, 0.2844, -9.0908, 0.0000
2025-03-05 02:27:23.604179, 320, 240, 7.8220, 0.0016, -0.0043, 0.0053, 0.2844, -9.0908, 0.0098
2025-03-05 02:27:23.636535, 320, 240, 7.7210, 0.0027, -0.0064, 0.0021, 0.2844, -9.0908, 0.0098
2025-03-05 02:27:23.703766, 320, 240, 8.0340, 0.0027, -0.0037, 0.0016, 0.2844, -9.0908, 0.0000
2025-03-05 02:27:23.737412, 320, 240, 7.5730, 0.0005, -0.0096, 0.0011, 0.3040, -9.0908, 0.0000
2025-03-05 02:27:23.803819, 320, 240, 8.3730, -0.0027, -0.0080, 0.0011, 0.2844, -9.0908, 0.0098
2025-03-05 02:27:23.837599, 320, 240, 7.4780, 0.0011, -0.0059, 0.0016, 0.2844, -9.0712, 0.0000
2025-03-05 02:27:23.904198, 320, 240, 8.1440, 0.0011, -0.0075, 0.0043, 0.2844, -9.0908, 0.0000
2025-03-05 02:27:23.937479, 320, 240, 7.8220, 0.0027, -0.0075, 0.0064, 0.2844, -9.0908, 0.0098
2025-03-05 02:27:24.002537, 320, 240, 7.5250, -0.0027, -0.0064, 0.0059, 0.2844, -9.0908, 0.0098
2025-03-05 02:27:24.037802, 320, 240, 7.2060, 0.0016, -0.0075, 0.0048, 0.3040, -9.0908, 0.0098
2025-03-05 02:27:24.104271, 320, 240, 7.8740, -0.0005, -0.0112, 0.0016, 0.3040, -9.0712, -0.0098
2025-03-05 02:27:24.137838, 320, 240, 7.7210, -0.0016, -0.0080, -0.0005, 0.2844, -9.0712, 0.0294
2025-03-05 02:27:24.204479, 320, 240, 7.8220, -0.0027, -0.0064, 0.0005, 0.2844, -9.0908, 0.0294
2025-03-05 02:27:24.237742, 320, 240, 8.2570, -0.0032, -0.0080, 0.0021, 0.3040, -9.0712, 0.0098
2025-03-05 02:27:24.304331, 320, 240, 8.2570, 0.0011, -0.0064, 0.0016, 0.3040, -9.0908, 0.0000
2025-03-05 02:27:24.337913, 320, 240, 7.7210, -0.0021, -0.0096, 0.0043, 0.3040, -9.0908, 0.0000
2025-03-05 02:27:24.404210, 320, 240, 8.2000, 0.0032, -0.0064, 0.0016, 0.2844, -9.0908, 0.0098
2025-03-05 02:27:24.437784, 320, 240, 8.1440, 0.0005, -0.0096, -0.0021, 0.2844, -9.0908, 0.0098
2025-03-05 02:27:24.504268, 320, 240, 7.5730, -0.0059, -0.0096, 0.0016, 0.2844, -9.0908, 0.0098
2025-03-05 02:27:24.671294, 320, 240, 8.4330, -0.0011, -0.0064, 0.0032, 0.2844, -9.0712, -0.0098
2025-03-05 02:27:24.704679, 320, 240, 8.2000, -0.0027, -0.0037, 0.0032, 0.2844, -9.0908, 0.0000
2025-03-05 02:27:24.771292, 320, 240, 8.4330, -0.0016, -0.0064, 0.0021, 0.3040, -9.0908, 0.0490
2025-03-05 02:27:24.804733, 320, 240, 8.2570, 0.0005, -0.0112, 0.0021, 0.2844, -9.0712, 0.0294
2025-03-05 02:27:24.871346, 320, 240, 7.7210, -0.0011, -0.0037, 0.0021, 0.2844, -9.1104, 0.0000
2025-03-05 02:27:24.904010, 320, 240, 8.0880, -0.0021, -0.0048, 0.0016, 0.2844, -9.0712, 0.0098
2025-03-05 02:27:24.971168, 320, 240, 8.1440, 0.0005, -0.0043, 0.0032, 0.2844, -9.0908, 0.0294
2025-03-05 02:27:25.003562, 320, 240, 8.3730, 0.0011, -0.0059, -0.0005, 0.2844, -9.0908, 0.0294
2025-03-05 02:27:25.071184, 320, 240, 8.0340, 0.0011, -0.0053, 0.0048, 0.2844, -9.0908, 0.0000
2025-03-05 02:27:25.104655, 320, 240, 8.0880, 0.0037, -0.0064, 0.0005, 0.2844, -9.0908, 0.0098
2025-03-05 02:27:25.171194, 320, 240, 7.6710, -0.0011, -0.0069, 0.0027, 0.2844, -9.0908, 0.0294
2025-03-05 02:27:25.238056, 320, 240, 8.2570, 0.0021, -0.0048, 0.0037, 0.2844, -9.0908, 0.0000
2025-03-05 02:27:25.271426, 320, 240, 7.5250, -0.0027, -0.0048, 0.0021, 0.2844, -9.0908, 0.0000
2025-03-05 02:27:25.338052, 320, 240, 7.1200, -0.0027, -0.0091, 0.0016, 0.2844, -9.0712, 0.0098
2025-03-05 02:27:25.404309, 320, 240, 7.0350, -0.0005, -0.0064, 0.0011, 0.2844, -9.0712, 0.0294
2025-03-05 02:27:25.471644, 320, 240, 7.7210, -0.0027, -0.0064, 0.0027, 0.2844, -9.0712, 0.0000
2025-03-05 02:27:25.505097, 320, 240, 7.9270, 0.0011, -0.0096, 0.0053, 0.2844, -9.0908, 0.0000
2025-03-05 02:27:25.571353, 320, 240, 7.2500, -0.0016, -0.0096, 0.0037, 0.2844, -9.0712, 0.0294
2025-03-05 02:27:25.636882, 320, 240, 8.6790, -0.0011, -0.0069, 0.0048, 0.2844, -9.0908, 0.0098
2025-03-05 02:27:25.671734, 320, 240, 9.0080, -0.0027, -0.0123, 0.0032, 0.3040, -9.0908, 0.0098
2025-03-05 02:27:25.738544, 320, 240, 8.0340, 0.0000, -0.0059, 0.0064, 0.2844, -9.0908, 0.0098
2025-03-05 02:27:25.771963, 320, 240, 8.4330, -0.0021, -0.0069, 0.0000, 0.2844, -9.0908, 0.0098
2025-03-05 02:27:25.838551, 320, 240, 8.1440, 0.0021, -0.0096, 0.0011, 0.2844, -9.0712, 0.0098
2025-03-05 02:27:26.305262, 320, 240, 8.1440, -0.0011, -0.0032, 0.0027, 0.2844, -9.0908, 0.0098
2025-03-05 02:27:26.338649, 320, 240, 7.8220, -0.0011, -0.0085, 0.0021, 0.3040, -9.0908, 0.0098
2025-03-05 02:27:26.405225, 320, 240, 7.8220, 0.0000, -0.0091, 0.0043, 0.3040, -9.0712, 0.0098
2025-03-05 02:27:26.438776, 320, 240, 8.3730, -0.0021, -0.0064, 0.0037, 0.2844, -9.0908, 0.0098
2025-03-05 02:27:26.505025, 320, 240, 8.3730, -0.0032, -0.0091, 0.0016, 0.2844, -9.0908, 0.0000
2025-03-05 02:27:26.538791, 320, 240, 7.2500, 0.0005, -0.0069, 0.0027, 0.2844, -9.0712, 0.0098
2025-03-05 02:27:26.605160, 320, 240, 8.1440, -0.0016, -0.0075, -0.0005, 0.3040, -9.0908, 0.0294
2025-03-05 02:27:26.636908, 320, 240, 8.1440, -0.0005, -0.0080, 0.0037, 0.3040, -9.0908, 0.0294
2025-03-05 02:27:26.705330, 320, 240, 7.9800, 0.0005, -0.0059, 0.0037, 0.2844, -9.0908, 0.0098
2025-03-05 02:27:26.738663, 320, 240, 8.1440, -0.0005, -0.0043, 0.0032, 0.2844, -9.0908, 0.0098
2025-03-05 02:27:26.805449, 320, 240, 8.3150, -0.0048, -0.0064, 0.0043, 0.3040, -9.0908, 0.0294
2025-03-05 02:27:26.838877, 320, 240, 7.8740, 0.0005, -0.0053, 0.0016, 0.3040, -9.0908, 0.0098
2025-03-05 02:27:26.905753, 320, 240, 8.4330, 0.0005, -0.0091, 0.0037, 0.2844, -9.0712, 0.0000
2025-03-05 02:27:26.938736, 320, 240, 8.0340, -0.0037, -0.0075, 0.0075, 0.3040, -9.0908, 0.0098
2025-03-05 02:27:27.003850, 320, 240, 7.8220, -0.0005, -0.0112, 0.0032, 0.2844, -9.0908, 0.0294
2025-03-05 02:27:27.038451, 320, 240, 7.9800, -0.0027, -0.0048, 0.0021, 0.3040, -9.0712, 0.0098
2025-03-05 02:27:27.104265, 320, 240, 8.1440, -0.0032, -0.0080, 0.0032, 0.2844, -9.0908, 0.0000
2025-03-05 02:27:27.138783, 320, 240, 7.3850, -0.0005, -0.0064, 0.0048, 0.2844, -9.0908, 0.0294
2025-03-05 02:27:27.205749, 320, 240, 7.1200, -0.0027, -0.0064, 0.0027, 0.3040, -9.0908, 0.0294
2025-03-05 02:27:27.239014, 320, 240, 8.3730, -0.0027, -0.0107, 0.0080, 0.3040, -9.0908, 0.0294
2025-03-05 02:27:27.305503, 320, 240, 8.2000, 0.0016, -0.0075, 0.0069, 0.3040, -9.0908, 0.0000
2025-03-05 02:27:27.338959, 320, 240, 8.1440, 0.0053, -0.0101, 0.0016, 0.2844, -9.0908, 0.0098
2025-03-05 02:27:27.405997, 320, 240, 9.1460, 0.0027, -0.0016, -0.0005, 0.3040, -9.0908, 0.0098
2025-03-05 02:27:27.439134, 320, 240, 8.0340, -0.0032, -0.0069, -0.0027, 0.2844, -9.0712, 0.0098
2025-03-05 02:27:27.505939, 320, 240, 7.4780, -0.0005, -0.0027, 0.0037, 0.2844, -9.0908, 0.0000
2025-03-05 02:27:27.539089, 320, 240, 8.0340, -0.0011, -0.0064, 0.0027, 0.3040, -9.0908, 0.0000
2025-03-05 02:27:27.605340, 320, 240, 7.8740, 0.0011, -0.0080, 0.0005, 0.2844, -9.0712, 0.0098
2025-03-05 02:27:27.637297, 320, 240, 7.5250, -0.0011, -0.0075, 0.0005, 0.2844, -9.0908, 0.0098
2025-03-05 02:27:27.706121, 320, 240, 8.2570, -0.0011, -0.0059, 0.0037, 0.3040, -9.0908, 0.0000
2025-03-05 02:27:27.739115, 320, 240, 8.2570, -0.0032, -0.0080, 0.0016, 0.2844, -9.0908, 0.0098
2025-03-05 02:27:27.805914, 320, 240, 7.9800, -0.0005, -0.0021, 0.0021, 0.3040, -9.0908, 0.0098
2025-03-05 02:27:27.839309, 320, 240, 8.3730, 0.0016, -0.0032, 0.0027, 0.2844, -9.0712, 0.0098
2025-03-05 02:27:27.905812, 320, 240, 7.8220, -0.0021, -0.0101, 0.0037, 0.2844, -9.0908, 0.0098
2025-03-05 02:27:27.939411, 320, 240, 7.7210, -0.0032, -0.0075, -0.0005, 0.2844, -9.0908, 0.0000
2025-03-05 02:27:28.004533, 320, 240, 8.2570, -0.0043, -0.0101, 0.0048, 0.2844, -9.0908, 0.0294
2025-03-05 02:27:28.038923, 320, 240, 7.7210, 0.0005, -0.0021, 0.0016, 0.2844, -9.0908, 0.0098
2025-03-05 02:27:28.106129, 320, 240, 8.1440, 0.0005, -0.0053, 0.0011, 0.2844, -9.0908, 0.0098
2025-03-05 02:27:28.139363, 320, 240, 8.0340, -0.0069, -0.0117, 0.0032, 0.2844, -9.0908, 0.0098
2025-03-05 02:27:28.206284, 320, 240, 7.9800, -0.0011, -0.0048, 0.0021, 0.3040, -9.0908, 0.0098
2025-03-05 02:27:28.239704, 320, 240, 8.7430, 0.0043, -0.0016, 0.0021, 0.2844, -9.0908, 0.0000
2025-03-05 02:27:28.306026, 320, 240, 8.3730, 0.0027, -0.0064, 0.0037, 0.3040, -9.0908, 0.0000
2025-03-05 02:27:28.339713, 320, 240, 8.1440, -0.0016, -0.0091, 0.0053, 0.3040, -9.0908, 0.0294
2025-03-05 02:27:28.406232, 320, 240, 8.3150, 0.0005, -0.0080, -0.0027, 0.2844, -9.0908, 0.0000
2025-03-05 02:27:28.439558, 320, 240, 7.7210, -0.0005, -0.0091, 0.0021, 0.3040, -9.0712, 0.0000
2025-03-05 02:27:28.506537, 320, 240, 8.0880, 0.0011, -0.0043, 0.0021, 0.3040, -9.0712, 0.0098
2025-03-05 02:27:28.539718, 320, 240, 7.6710, -0.0011, -0.0091, 0.0005, 0.2844, -9.0908, 0.0098
2025-03-05 02:27:28.606392, 320, 240, 8.0880, 0.0016, -0.0016, 0.0005, 0.3040, -9.0908, 0.0000
2025-03-05 02:27:28.638013, 320, 240, 8.2000, 0.0005, -0.0069, 0.0053, 0.2844, -9.0712, 0.0000
2025-03-05 02:27:28.706368, 320, 240, 8.7430, -0.0005, -0.0064, 0.0005, 0.3040, -9.0908, 0.0098
2025-03-05 02:27:28.739831, 320, 240, 8.2570, 0.0032, -0.0043, 0.0048, 0.2844, -9.0712, 0.0098
2025-03-05 02:27:28.806116, 320, 240, 7.9800, -0.0005, -0.0080, 0.0016, 0.3040, -9.0908, 0.0098
2025-03-05 02:27:28.839836, 320, 240, 8.2000, -0.0011, -0.0043, 0.0021, 0.3040, -9.0908, 0.0000
2025-03-05 02:27:28.906304, 320, 240, 7.9800, -0.0027, -0.0096, 0.0011, 0.2844, -9.0908, 0.0098
2025-03-05 02:27:28.939853, 320, 240, 7.9270, 0.0027, -0.0085, 0.0011, 0.3040, -9.0908, 0.0000
2025-03-05 02:27:29.004616, 320, 240, 8.4330, 0.0005, -0.0096, 0.0037, 0.2844, -9.0908, 0.0294
2025-03-05 02:27:29.039472, 320, 240, 8.2570, -0.0021, -0.0107, 0.0011, 0.3040, -9.0908, 0.0294
2025-03-05 02:27:29.106468, 320, 240, 8.0880, 0.0032, -0.0107, 0.0059, 0.3040, -9.0908, -0.0098
2025-03-05 02:27:29.372910, 320, 240, 8.5540, 0.0000, -0.0107, 0.0005, 0.3040, -9.0908, 0.0098
2025-03-05 02:27:29.406692, 320, 240, 8.6790, -0.0011, -0.0064, 0.0027, 0.2844, -9.0908, 0.0098
2025-03-05 02:27:29.473330, 320, 240, 8.3730, -0.0027, -0.0160, 0.0027, 0.2844, -9.1104, -0.0098
2025-03-05 02:27:29.506677, 320, 240, 7.7210, -0.0011, -0.0096, 0.0043, 0.2844, -9.0908, 0.0098
2025-03-05 02:27:29.573688, 320, 240, 8.4930, 0.0000, -0.0053, 0.0021, 0.2844, -9.0908, 0.0294
2025-03-05 02:27:29.606696, 320, 240, 7.8220, 0.0005, -0.0085, 0.0021, 0.2844, -9.0908, 0.0098
2025-03-05 02:27:29.672086, 320, 240, 8.3150, -0.0037, -0.0048, 0.0043, 0.3040, -9.0908, 0.0098
2025-03-05 02:27:29.707204, 320, 240, 7.5730, 0.0027, -0.0053, 0.0027, 0.2844, -9.0712, 0.0000
2025-03-05 02:27:30.073061, 320, 240, 7.3850, -0.0075, -0.0080, 0.0027, 0.2844, -9.0712, -0.0098
2025-03-05 02:27:30.106913, 320, 240, 8.1440, 0.0027, -0.0032, 0.0005, 0.3040, -9.0908, 0.0000
2025-03-05 02:27:30.173122, 320, 240, 7.4780, 0.0005, -0.0085, 0.0032, 0.2844, -9.0908, 0.0098
2025-03-05 02:27:30.206461, 320, 240, 8.2570, -0.0069, -0.0080, 0.0011, 0.2844, -9.0908, 0.0098
2025-03-05 02:27:30.273569, 320, 240, 7.8740, -0.0027, -0.0101, 0.0032, 0.2844, -9.0908, 0.0000
2025-03-05 02:27:30.306691, 320, 240, 7.4780, -0.0011, -0.0085, -0.0016, 0.2844, -9.0712, 0.0098
2025-03-05 02:27:30.373815, 320, 240, 7.1200, 0.0011, -0.0059, 0.0032, 0.2844, -9.0908, 0.0098
2025-03-05 02:27:30.407371, 320, 240, 7.9800, -0.0011, -0.0069, 0.0005, 0.3040, -9.0712, 0.0000
2025-03-05 02:27:30.473610, 320, 240, 8.2000, 0.0043, -0.0096, 0.0021, 0.3040, -9.0712, 0.0098
2025-03-05 02:27:30.507126, 320, 240, 7.9800, 0.0037, -0.0091, 0.0037, 0.3040, -9.0908, 0.0098
2025-03-05 02:27:30.573700, 320, 240, 8.3730, 0.0016, -0.0064, 0.0043, 0.3040, -9.0908, 0.0098
2025-03-05 02:27:30.607403, 320, 240, 7.6710, -0.0011, -0.0107, 0.0053, 0.3040, -9.0712, 0.0294
2025-03-05 02:27:30.674641, 320, 240, 8.2570, 0.0021, -0.0101, 0.0021, 0.3040, -9.0712, 0.0000
2025-03-05 02:27:30.707331, 320, 240, 7.3390, -0.0005, -0.0080, 0.0037, 0.3040, -9.0908, 0.0098
2025-03-05 02:27:30.773552, 320, 240, 8.6160, -0.0005, -0.0101, 0.0000, 0.2844, -9.0908, 0.0098
2025-03-05 02:27:30.807196, 320, 240, 7.9270, -0.0021, -0.0096, -0.0011, 0.3040, -9.0712, 0.0098
2025-03-05 02:27:30.873653, 320, 240, 8.3730, 0.0021, -0.0096, 0.0032, 0.2844, -9.0908, 0.0000
2025-03-05 02:27:30.907310, 320, 240, 8.4930, -0.0011, -0.0080, 0.0005, 0.2844, -9.0908, 0.0000
2025-03-05 02:27:30.973738, 320, 240, 8.3730, -0.0016, -0.0091, 0.0021, 0.2844, -9.0908, 0.0098
2025-03-05 02:27:31.005473, 320, 240, 8.0340, 0.0011, -0.0101, 0.0048, 0.2844, -9.0908, 0.0098
2025-03-05 02:27:31.074191, 320, 240, 8.1440, 0.0000, -0.0059, 0.0027, 0.3040, -9.0908, 0.0000
2025-03-05 02:27:31.107416, 320, 240, 7.3390, -0.0048, -0.0080, 0.0043, 0.3040, -9.0712, 0.0098
2025-03-05 02:27:31.174322, 320, 240, 8.2000, -0.0016, -0.0085, 0.0053, 0.3040, -9.0908, 0.0098
2025-03-05 02:27:31.207427, 320, 240, 7.8220, -0.0027, -0.0091, 0.0027, 0.2844, -9.0908, 0.0000
2025-03-05 02:27:31.274157, 320, 240, 7.3850, 0.0037, -0.0080, 0.0032, 0.2844, -9.0712, 0.0000
2025-03-05 02:27:31.307433, 320, 240, 7.8220, 0.0000, -0.0091, 0.0048, 0.2844, -9.0712, 0.0098
2025-03-05 02:27:31.374581, 320, 240, 8.2570, -0.0005, -0.0085, 0.0011, 0.3040, -9.0712, 0.0294
2025-03-05 02:27:31.407613, 320, 240, 7.9800, 0.0027, -0.0043, 0.0021, 0.2844, -9.0908, 0.0294
2025-03-05 02:27:31.474310, 320, 240, 7.9800, -0.0011, -0.0091, 0.0027, 0.2844, -9.0712, 0.0000
2025-03-05 02:27:31.507632, 320, 240, 8.1440, -0.0016, -0.0080, 0.0053, 0.2844, -9.0908, 0.0294
2025-03-05 02:27:31.574105, 320, 240, 8.2000, -0.0059, -0.0059, 0.0037, 0.3040, -9.0908, 0.0098
2025-03-05 02:27:31.607673, 320, 240, 7.6710, -0.0032, -0.0091, 0.0016, 0.3040, -9.0712, 0.0000
2025-03-05 02:27:31.674437, 320, 240, 7.9270, -0.0027, -0.0053, 0.0021, 0.2844, -9.0908, 0.0098
2025-03-05 02:27:31.705981, 320, 240, 8.1440, -0.0021, -0.0021, 0.0037, 0.3040, -9.0908, 0.0294
2025-03-05 02:27:31.774443, 320, 240, 6.6800, 0.0005, -0.0011, 0.0021, 0.2844, -9.0908, 0.0294
2025-03-05 02:27:31.807955, 320, 240, 8.2000, -0.0011, -0.0064, 0.0000, 0.3040, -9.0908, 0.0098
2025-03-05 02:27:31.874547, 320, 240, 7.0770, -0.0005, -0.0075, 0.0016, 0.2844, -9.0908, 0.0000
2025-03-05 02:27:31.908108, 320, 240, 8.2000, 0.0037, -0.0048, 0.0027, 0.3040, -9.0908, 0.0098
2025-03-05 02:27:31.974480, 320, 240, 8.0340, -0.0005, -0.0059, 0.0027, 0.2844, -9.0908, 0.0294
2025-03-05 02:27:32.005873, 320, 240, 8.4330, -0.0048, -0.0080, 0.0016, 0.2844, -9.0908, 0.0098
2025-03-05 02:27:32.074260, 320, 240, 7.7210, -0.0005, -0.0085, 0.0000, 0.2844, -9.0908, 0.0098
2025-03-05 02:27:32.107990, 320, 240, 8.9400, -0.0005, -0.0085, 0.0021, 0.2844, -9.0908, 0.0098
2025-03-05 02:27:32.174296, 320, 240, 7.7210, 0.0005, -0.0043, 0.0005, 0.3040, -9.0908, 0.0098
2025-03-05 02:27:32.206525, 320, 240, 7.6710, -0.0011, -0.0085, 0.0037, 0.3040, -9.0908, 0.0098
2025-03-05 02:27:32.274237, 320, 240, 8.2000, -0.0032, -0.0069, 0.0048, 0.2844, -9.0908, 0.0000
2025-03-05 02:27:32.308112, 320, 240, 7.8740, -0.0032, -0.0101, 0.0043, 0.3040, -9.0908, 0.0098
2025-03-05 02:27:32.374386, 320, 240, 7.3390, -0.0048, -0.0080, 0.0059, 0.3040, -9.0908, 0.0098
2025-03-05 02:27:32.408293, 320, 240, 8.6160, -0.0016, -0.0096, -0.0021, 0.2844, -9.0712, 0.0098
2025-03-05 02:27:32.474327, 320, 240, 7.5250, -0.0021, -0.0027, 0.0016, 0.2844, -9.0712, 0.0098
2025-03-05 02:27:32.508430, 320, 240, 8.1440, 0.0011, -0.0085, 0.0021, 0.2844, -9.0908, 0.0098
2025-03-05 02:27:32.574553, 320, 240, 8.2000, 0.0021, -0.0043, 0.0032, 0.2844, -9.0908, 0.0294
2025-03-05 02:27:32.608315, 320, 240, 8.0880, -0.0021, -0.0043, 0.0027, 0.2844, -9.0908, 0.0294
2025-03-05 02:27:32.674720, 320, 240, 8.2570, 0.0011, -0.0112, 0.0027, 0.2844, -9.0908, 0.0098
2025-03-05 02:27:32.707385, 320, 240, 7.3850, -0.0005, -0.0080, 0.0037, 0.3040, -9.0908, 0.0098
2025-03-05 02:27:32.774714, 320, 240, 7.8220, 0.0037, -0.0011, 0.0064, 0.3040, -9.0712, 0.0098
2025-03-05 02:27:32.808068, 320, 240, 8.1440, -0.0032, -0.0053, 0.0016, 0.3040, -9.0908, 0.0000
2025-03-05 02:27:32.874797, 320, 240, 8.3150, -0.0005, -0.0048, 0.0005, 0.3040, -9.0908, 0.0294
2025-03-05 02:27:32.908151, 320, 240, 7.8220, -0.0011, -0.0075, 0.0016, 0.2844, -9.0908, 0.0098
2025-03-05 02:27:32.975057, 320, 240, 7.9800, 0.0005, -0.0053, 0.0032, 0.3040, -9.0908, 0.0098
2025-03-05 02:27:33.007092, 320, 240, 7.8740, -0.0027, -0.0048, 0.0032, 0.3040, -9.0908, 0.0098
2025-03-05 02:27:33.074858, 320, 240, 7.4780, -0.0021, -0.0064, 0.0021, 0.2844, -9.0908, 0.0000
2025-03-05 02:27:33.174499, 320, 240, 6.9530, -0.0032, -0.0059, 0.0000, 0.3040, -9.0908, 0.0098
2025-03-05 02:27:33.208257, 320, 240, 8.2570, 0.0011, -0.0032, 0.0011, 0.2844, -9.0908, 0.0000
2025-03-05 02:27:33.274394, 320, 240, 7.8220, 0.0043, -0.0043, 0.0059, 0.3040, -9.0712, 0.0098
2025-03-05 02:27:33.374858, 320, 240, 8.1440, -0.0032, -0.0096, 0.0016, 0.3040, -9.0908, 0.0000
2025-03-05 02:27:33.408257, 320, 240, 8.2570, 0.0016, -0.0064, 0.0005, 0.2844, -9.0712, 0.0098
2025-03-05 02:27:33.474933, 320, 240, 7.0770, 0.0000, -0.0048, 0.0005, 0.3040, -9.0908, 0.0000
2025-03-05 02:27:33.508462, 320, 240, 6.8730, -0.0011, -0.0016, 0.0005, 0.3040, -9.0712, 0.0098
2025-03-05 02:27:33.574717, 320, 240, 8.2000, 0.0011, -0.0037, 0.0037, 0.3040, -9.0908, 0.0098
2025-03-05 02:27:33.608376, 320, 240, 7.8740, 0.0043, -0.0037, -0.0005, 0.3040, -9.0908, -0.0098
2025-03-05 02:27:33.675145, 320, 240, 8.5540, -0.0005, -0.0016, 0.0027, 0.2844, -9.0712, 0.0000
2025-03-05 02:27:33.739903, 320, 240, 8.3150, 0.0011, -0.0123, 0.0059, 0.3040, -9.0908, 0.0098
2025-03-05 02:27:33.775157, 320, 240, 7.6710, -0.0053, -0.0075, 0.0011, 0.3040, -9.0712, 0.0294
2025-03-05 02:27:33.841639, 320, 240, 7.6710, -0.0005, -0.0091, 0.0027, 0.3040, -9.0712, 0.0000
2025-03-05 02:27:33.875169, 320, 240, 7.4780, -0.0011, -0.0043, 0.0011, 0.3040, -9.0908, 0.0098
2025-03-05 02:27:33.941780, 320, 240, 7.5250, -0.0011, -0.0080, 0.0000, 0.3040, -9.0908, 0.0098
2025-03-05 02:27:33.975350, 320, 240, 7.6710, 0.0005, -0.0064, 0.0027, 0.3040, -9.0908, 0.0294
2025-03-05 02:27:34.041647, 320, 240, 8.1440, -0.0027, -0.0101, 0.0027, 0.3040, -9.0908, 0.0000
2025-03-05 02:27:34.073750, 320, 240, 7.8220, 0.0005, -0.0059, 0.0043, 0.2844, -9.0712, 0.0098
2025-03-05 02:27:34.142094, 320, 240, 8.2000, -0.0021, -0.0080, 0.0043, 0.2844, -9.0908, 0.0294
2025-03-05 02:27:34.241989, 320, 240, 7.2060, 0.0000, -0.0037, 0.0037, 0.3040, -9.0908, 0.0000
2025-03-05 02:27:34.275487, 320, 240, 8.2570, 0.0053, -0.0059, 0.0027, 0.3040, -9.0908, 0.0098
2025-03-05 02:27:34.341928, 320, 240, 7.5730, -0.0021, -0.0064, -0.0021, 0.3040, -9.0712, 0.0098
2025-03-05 02:27:34.375195, 320, 240, 8.2570, -0.0027, -0.0107, 0.0059, 0.3040, -9.0908, 0.0098
2025-03-05 02:27:34.441912, 320, 240, 7.9270, 0.0005, -0.0085, 0.0011, 0.3040, -9.0712, 0.0098
2025-03-05 02:27:34.475652, 320, 240, 8.2570, -0.0021, -0.0021, 0.0043, 0.3040, -9.0908, 0.0000
2025-03-05 02:27:34.541957, 320, 240, 7.1200, 0.0000, -0.0091, 0.0027, 0.2844, -9.0712, 0.0294
2025-03-05 02:27:34.575680, 320, 240, 8.1440, -0.0011, -0.0037, 0.0043, 0.3040, -9.0908, 0.0098
2025-03-05 02:27:34.641150, 320, 240, 8.3150, 0.0005, -0.0075, 0.0064, 0.2844, -9.0908, 0.0000
2025-03-05 02:27:34.676213, 320, 240, 8.3150, -0.0037, -0.0075, 0.0021, 0.2844, -9.0908, 0.0098
2025-03-05 02:27:34.742003, 320, 240, 8.1440, -0.0011, -0.0075, 0.0016, 0.2844, -9.0712, 0.0098
2025-03-05 02:27:34.775935, 320, 240, 7.8220, 0.0069, -0.0075, 0.0005, 0.3040, -9.0712, 0.0098
2025-03-05 02:27:34.842861, 320, 240, 8.1440, 0.0027, -0.0085, 0.0005, 0.2844, -9.0712, 0.0000
2025-03-05 02:27:34.875827, 320, 240, 8.2000, 0.0016, -0.0075, 0.0032, 0.3040, -9.0908, 0.0000
2025-03-05 02:27:34.941832, 320, 240, 7.8740, -0.0016, -0.0043, 0.0011, 0.3040, -9.0908, 0.0098
2025-03-05 02:27:34.975701, 320, 240, 8.2000, 0.0016, -0.0091, 0.0011, 0.3040, -9.0908, 0.0000
2025-03-05 02:27:35.042109, 320, 240, 8.3730, 0.0000, -0.0021, 0.0005, 0.3040, -9.0908, 0.0098
2025-03-05 02:27:35.075689, 320, 240, 7.9800, 0.0037, -0.0053, 0.0027, 0.2844, -9.0908, 0.0000
2025-03-05 02:27:35.142155, 320, 240, 7.8740, 0.0000, -0.0053, 0.0016, 0.2844, -9.0712, 0.0098
2025-03-05 02:27:35.175727, 320, 240, 8.1440, 0.0000, -0.0059, 0.0005, 0.2844, -9.0908, 0.0294
2025-03-05 02:27:35.243228, 320, 240, 7.8220, -0.0027, -0.0123, 0.0032, 0.3040, -9.0908, 0.0000
2025-03-05 02:27:35.276203, 320, 240, 8.4930, 0.0000, -0.0075, 0.0032, 0.2844, -9.0908, 0.0000
2025-03-05 02:27:35.342938, 320, 240, 8.0340, 0.0016, -0.0069, 0.0011, 0.3040, -9.0712, 0.0098
2025-03-05 02:27:35.376277, 320, 240, 8.3150, 0.0011, -0.0069, 0.0037, 0.3040, -9.0908, 0.0098
2025-03-05 02:27:35.443179, 320, 240, 8.9400, 0.0016, -0.0064, 0.0021, 0.2844, -9.0712, 0.0000
2025-03-05 02:27:35.476397, 320, 240, 8.2570, -0.0021, -0.0064, 0.0016, 0.2844, -9.0908, 0.0098
2025-03-05 02:27:35.542913, 320, 240, 7.8220, 0.0027, -0.0064, 0.0005, 0.3040, -9.0712, 0.0098
2025-03-05 02:27:35.575864, 320, 240, 8.0340, 0.0000, -0.0101, 0.0053, 0.3040, -9.0908, 0.0098
2025-03-05 02:27:35.641165, 320, 240, 8.3730, 0.0016, -0.0053, 0.0000, 0.3040, -9.0712, 0.0000
2025-03-05 02:27:35.676134, 320, 240, 8.2000, -0.0053, -0.0075, 0.0069, 0.2844, -9.0908, 0.0098
2025-03-05 02:27:35.742782, 320, 240, 8.1440, 0.0027, -0.0064, 0.0000, 0.3040, -9.1104, 0.0098
2025-03-05 02:27:35.774504, 320, 240, 7.5730, 0.0000, -0.0080, 0.0027, 0.3040, -9.0908, 0.0000
2025-03-05 02:27:35.842877, 320, 240, 8.0880, -0.0016, -0.0085, -0.0016, 0.2844, -9.1104, 0.0098
2025-03-05 02:27:35.876122, 320, 240, 7.3850, -0.0021, -0.0075, -0.0027, 0.2844, -9.0908, 0.0098
2025-03-05 02:27:35.942297, 320, 240, 8.0880, -0.0027, -0.0069, -0.0005, 0.3040, -9.1104, 0.0098
2025-03-05 02:27:35.976194, 320, 240, 7.9270, 0.0021, -0.0048, 0.0000, 0.2844, -9.0908, 0.0294
2025-03-05 02:27:36.042892, 320, 240, 7.3850, -0.0005, -0.0037, 0.0011, 0.3040, -9.0908, 0.0098
2025-03-05 02:27:36.076325, 320, 240, 7.3390, -0.0043, -0.0085, 0.0021, 0.3040, -9.0908, 0.0000
2025-03-05 02:27:36.142842, 320, 240, 7.8740, -0.0011, -0.0080, 0.0016, 0.2844, -9.0908, 0.0098
2025-03-05 02:27:36.176473, 320, 240, 7.5730, -0.0021, -0.0053, 0.0037, 0.3040, -9.0908, 0.0098
2025-03-05 02:27:36.243060, 320, 240, 7.3390, -0.0027, -0.0096, -0.0016, 0.3040, -9.0908, 0.0000
2025-03-05 02:27:36.276133, 320, 240, 8.1440, -0.0059, -0.0101, 0.0027, 0.3040, -9.0712, 0.0098
2025-03-05 02:27:36.343196, 320, 240, 7.3390, -0.0005, -0.0091, 0.0059, 0.3040, -9.0712, 0.0294
2025-03-05 02:27:36.376433, 320, 240, 8.2000, -0.0016, -0.0069, 0.0021, 0.2844, -9.0908, 0.0294
2025-03-05 02:27:36.443085, 320, 240, 8.1440, -0.0053, -0.0091, 0.0027, 0.2844, -9.0712, 0.0000
2025-03-05 02:27:36.476518, 320, 240, 8.2570, 0.0016, -0.0021, 0.0021, 0.3040, -9.0908, 0.0098
2025-03-05 02:27:36.543055, 320, 240, 8.6790, 0.0021, -0.0043, 0.0043, 0.3040, -9.0712, 0.0098
2025-03-05 02:27:36.609247, 320, 240, 7.8220, 0.0005, -0.0075, 0.0053, 0.2844, -9.0908, 0.0294
2025-03-05 02:27:36.676428, 320, 240, 8.2000, -0.0005, -0.0080, 0.0021, 0.2844, -9.0712, 0.0098
2025-03-05 02:27:36.709785, 320, 240, 8.2000, -0.0037, -0.0069, 0.0027, 0.3040, -9.0908, 0.0294
2025-03-05 02:27:36.776597, 320, 240, 8.2000, -0.0027, -0.0107, 0.0021, 0.3040, -9.0908, 0.0000
2025-03-05 02:27:36.809942, 320, 240, 8.6790, 0.0021, -0.0048, -0.0005, 0.3040, -9.0908, 0.0000
2025-03-05 02:27:36.876693, 320, 240, 7.2500, -0.0011, -0.0085, 0.0016, 0.3040, -9.0908, 0.0098
2025-03-05 02:27:36.976944, 320, 240, 7.9270, -0.0005, -0.0107, 0.0037, 0.2844, -9.0712, 0.0098
2025-03-05 02:27:37.076539, 320, 240, 7.2500, 0.0000, -0.0075, 0.0021, 0.3040, -9.0908, 0.0098
2025-03-05 02:27:37.143440, 320, 240, 7.9800, 0.0011, -0.0053, 0.0011, 0.2844, -9.0712, 0.0098
2025-03-05 02:27:37.176087, 320, 240, 8.2570, 0.0016, -0.0107, 0.0021, 0.2844, -9.0908, 0.0098
2025-03-05 02:27:37.243326, 320, 240, 7.7210, -0.0016, -0.0075, 0.0021, 0.2844, -9.0712, 0.0098
2025-03-05 02:27:37.276441, 320, 240, 8.6160, -0.0021, -0.0085, 0.0027, 0.3040, -9.0908, 0.0000
2025-03-05 02:27:37.343213, 320, 240, 7.9270, 0.0011, -0.0069, -0.0037, 0.3040, -9.0712, 0.0098
2025-03-05 02:27:37.376755, 320, 240, 8.2570, 0.0027, -0.0016, 0.0000, 0.3040, -9.0908, 0.0098
2025-03-05 02:27:37.876948, 320, 240, 8.3730, 0.0021, -0.0064, 0.0027, 0.3040, -9.0908, 0.0294
2025-03-05 02:27:37.910387, 320, 240, 8.0880, 0.0032, -0.0091, 0.0016, 0.3040, -9.0712, 0.0098
2025-03-05 02:27:37.976840, 320, 240, 8.1440, -0.0005, -0.0064, 0.0005, 0.3040, -9.0712, 0.0098
2025-03-05 02:27:38.008766, 320, 240, 8.1440, -0.0005, -0.0053, 0.0011, 0.3040, -9.0712, 0.0000
2025-03-05 02:27:38.077096, 320, 240, 7.8220, -0.0053, -0.0043, 0.0016, 0.3040, -9.0908, 0.0000
2025-03-05 02:27:38.110288, 320, 240, 8.0340, 0.0000, -0.0053, 0.0048, 0.2844, -9.0712, 0.0098
2025-03-05 02:27:38.176364, 320, 240, 8.1440, -0.0016, -0.0053, -0.0021, 0.2844, -9.0908, 0.0000
2025-03-05 02:27:38.210506, 320, 240, 8.2000, -0.0016, -0.0112, 0.0021, 0.3040, -9.0712, 0.0000
2025-03-05 02:27:38.276841, 320, 240, 8.2570, 0.0005, -0.0021, 0.0027, 0.2844, -9.0908, 0.0098
2025-03-05 02:27:38.310471, 320, 240, 8.1440, -0.0027, -0.0075, 0.0000, 0.3040, -9.0712, 0.0098
2025-03-05 02:27:38.377425, 320, 240, 8.0340, 0.0021, -0.0085, 0.0011, 0.3040, -9.0712, 0.0098
2025-03-05 02:27:38.410679, 320, 240, 8.2570, -0.0011, -0.0107, 0.0016, 0.3040, -9.0908, 0.0000
2025-03-05 02:27:38.477277, 320, 240, 8.0880, -0.0021, -0.0053, -0.0005, 0.3040, -9.0908, 0.0000
2025-03-05 02:27:38.510802, 320, 240, 8.4330, -0.0005, -0.0064, 0.0032, 0.2844, -9.0908, 0.0000
2025-03-05 02:27:38.577276, 320, 240, 8.2000, 0.0011, -0.0096, 0.0021, 0.3040, -9.0712, 0.0098
2025-03-05 02:27:38.610671, 320, 240, 8.4330, -0.0021, -0.0053, 0.0027, 0.2844, -9.0908, 0.0000
2025-03-05 02:27:38.677031, 320, 240, 7.9270, -0.0005, -0.0069, 0.0043, 0.2844, -9.0908, 0.0000
2025-03-05 02:27:38.710272, 320, 240, 8.3150, 0.0016, -0.0069, -0.0016, 0.2844, -9.0712, 0.0098
2025-03-05 02:27:38.777456, 320, 240, 7.9270, -0.0005, -0.0080, 0.0016, 0.2844, -9.0712, 0.0098
2025-03-05 02:27:38.810642, 320, 240, 8.6160, -0.0005, -0.0053, 0.0016, 0.3040, -9.1104, 0.0098
2025-03-05 02:27:38.877127, 320, 240, 7.1200, 0.0011, -0.0075, 0.0048, 0.3040, -9.0908, 0.0000
2025-03-05 02:27:38.910756, 320, 240, 7.8220, 0.0032, -0.0043, 0.0005, 0.3040, -9.0712, 0.0098
2025-03-05 02:27:38.977160, 320, 240, 8.2000, 0.0000, -0.0032, 0.0005, 0.3040, -9.0908, 0.0098
2025-03-05 02:27:39.009501, 320, 240, 8.0340, 0.0005, -0.0096, 0.0021, 0.3040, -9.0712, 0.0098
2025-03-05 02:27:39.076442, 320, 240, 8.3150, -0.0021, -0.0048, 0.0011, 0.2844, -9.0712, 0.0098
2025-03-05 02:27:39.110929, 320, 240, 8.0340, -0.0011, -0.0091, 0.0016, 0.3040, -9.0712, 0.0000
2025-03-05 02:27:39.178014, 320, 240, 8.7430, -0.0005, -0.0085, 0.0032, 0.3040, -9.0908, 0.0098
2025-03-05 02:27:39.210890, 320, 240, 8.4330, -0.0027, -0.0048, 0.0016, 0.3040, -9.0908, 0.0098
2025-03-05 02:27:39.277300, 320, 240, 8.2000, 0.0000, -0.0027, 0.0021, 0.2844, -9.0712, 0.0098
2025-03-05 02:27:39.311061, 320, 240, 8.3150, -0.0005, -0.0032, 0.0011, 0.2844, -9.0712, 0.0098
2025-03-05 02:27:39.377483, 320, 240, 8.1440, -0.0016, -0.0032, 0.0011, 0.2844, -9.0908, 0.0000
2025-03-05 02:27:39.411023, 320, 240, 7.6710, 0.0027, -0.0123, 0.0037, 0.3040, -9.0908, 0.0098
2025-03-05 02:27:39.477576, 320, 240, 8.2000, 0.0027, -0.0037, -0.0011, 0.3040, -9.0908, 0.0098
2025-03-05 02:27:42.078891, 320, 240, 8.1440, 0.0011, -0.0043, 0.0021, 0.3040, -9.0908, 0.0098
2025-03-05 02:27:42.110818, 320, 240, 7.8220, 0.0032, -0.0080, 0.0011, 0.3040, -9.0712, 0.0000
2025-03-05 02:27:42.178870, 320, 240, 7.2060, 0.0000, -0.0091, -0.0016, 0.3040, -9.0712, 0.0098
2025-03-05 02:27:42.212297, 320, 240, 8.6790, -0.0016, -0.0048, 0.0027, 0.3040, -9.0908, 0.0000
2025-03-05 02:27:42.278716, 320, 240, 7.9800, -0.0016, -0.0091, 0.0005, 0.3040, -9.0908, 0.0098
2025-03-05 02:27:42.311462, 320, 240, 8.0880, -0.0016, -0.0053, 0.0005, 0.3040, -9.0908, 0.0098
2025-03-05 02:27:42.378776, 320, 240, 8.0880, 0.0000, -0.0048, 0.0043, 0.3040, -9.0712, 0.0098
2025-03-05 02:27:42.411957, 320, 240, 8.1440, -0.0005, -0.0064, -0.0016, 0.3040, -9.0908, 0.0294
2025-03-05 02:27:42.478453, 320, 240, 8.3150, 0.0016, -0.0144, 0.0043, 0.3040, -9.0908, 0.0098
2025-03-05 02:27:42.578535, 320, 240, 8.2570, 0.0043, -0.0080, 0.0027, 0.2844, -9.0908, 0.0098
2025-03-05 02:27:42.612205, 320, 240, 8.3730, -0.0005, -0.0059, 0.0021, 0.2844, -9.0908, 0.0098
2025-03-05 02:27:42.677890, 320, 240, 7.7210, -0.0021, -0.0101, 0.0005, 0.3040, -9.0908, 0.0098
2025-03-05 02:27:42.711324, 320, 240, 8.0880, -0.0016, -0.0037, 0.0011, 0.3040, -9.0908, 0.0098
2025-03-05 02:27:42.778955, 320, 240, 8.2570, -0.0005, -0.0096, 0.0075, 0.2844, -9.0712, 0.0098
2025-03-05 02:27:42.811347, 320, 240, 7.2060, -0.0032, -0.0043, 0.0043, 0.2844, -9.0908, 0.0000
2025-03-05 02:27:42.878844, 320, 240, 8.1440, -0.0027, -0.0069, 0.0037, 0.2844, -9.0908, 0.0098
2025-03-05 02:27:42.912360, 320, 240, 8.5540, 0.0016, -0.0085, 0.0048, 0.3040, -9.0712, 0.0098
2025-03-05 02:27:42.979040, 320, 240, 8.2570, 0.0005, -0.0048, 0.0032, 0.2844, -9.0712, 0.0000
2025-03-05 02:27:43.011570, 320, 240, 7.0770, 0.0005, -0.0112, 0.0043, 0.3040, -9.0712, 0.0098
2025-03-05 02:27:43.079173, 320, 240, 8.2570, 0.0011, -0.0032, 0.0005, 0.2844, -9.1104, 0.0000
2025-03-05 02:27:43.110792, 320, 240, 7.3850, -0.0032, -0.0064, 0.0032, 0.3040, -9.0712, -0.0098
2025-03-05 02:27:43.179277, 320, 240, 8.1440, 0.0027, -0.0059, 0.0021, 0.3040, -9.0712, 0.0000
2025-03-05 02:27:43.212728, 320, 240, 7.7210, -0.0021, -0.0069, 0.0027, 0.2844, -9.0908, 0.0098
2025-03-05 02:27:43.278823, 320, 240, 7.7210, -0.0011, -0.0037, 0.0064, 0.3040, -9.0908, 0.0098
2025-03-05 02:27:43.312549, 320, 240, 9.4360, 0.0037, -0.0075, -0.0005, 0.3040, -9.0908, 0.0098
2025-03-05 02:27:43.379047, 320, 240, 7.3850, -0.0016, -0.0101, 0.0032, 0.3040, -9.0712, 0.0098
2025-03-05 02:27:43.412528, 320, 240, 7.8220, -0.0021, -0.0048, 0.0032, 0.3040, -9.0908, 0.0000
2025-03-05 02:27:43.478977, 320, 240, 7.5250, -0.0032, -0.0064, 0.0016, 0.3040, -9.0712, 0.0294
2025-03-05 02:27:43.512402, 320, 240, 8.2570, 0.0005, -0.0075, 0.0016, 0.3040, -9.0908, 0.0000
2025-03-05 02:27:43.579557, 320, 240, 8.3730, 0.0016, -0.0069, 0.0080, 0.3040, -9.0908, 0.0000
2025-03-05 02:27:43.612712, 320, 240, 8.3730, 0.0016, -0.0053, 0.0032, 0.3040, -9.0908, 0.0000
2025-03-05 02:27:43.679287, 320, 240, 7.2500, -0.0021, -0.0085, 0.0027, 0.3040, -9.0908, 0.0000
2025-03-05 02:27:43.911153, 320, 240, 7.5730, -0.0032, -0.0064, 0.0016, 0.2844, -9.0712, 0.0294
2025-03-05 02:27:43.945547, 320, 240, 8.2000, -0.0037, -0.0091, 0.0005, 0.3040, -9.0908, 0.0098
2025-03-05 02:27:44.011863, 320, 240, 8.2570, -0.0011, -0.0059, 0.0027, 0.3040, -9.0712, 0.0000
2025-03-05 02:27:44.112141, 320, 240, 8.1440, -0.0005, -0.0043, 0.0000, 0.3040, -9.0908, 0.0098
2025-03-05 02:27:44.212592, 320, 240, 8.2000, -0.0037, -0.0059, 0.0005, 0.3040, -9.0908, 0.0000
2025-03-05 02:27:44.245783, 320, 240, 7.4780, 0.0032, -0.0085, 0.0048, 0.3040, -9.0908, 0.0098
2025-03-05 02:27:44.312914, 320, 240, 7.6710, -0.0016, -0.0085, 0.0027, 0.3040, -9.0908, 0.0098
2025-03-05 02:27:44.346474, 320, 240, 8.0340, -0.0016, -0.0048, 0.0032, 0.2844, -9.0712, 0.0098
2025-03-05 02:27:44.412908, 320, 240, 7.3390, 0.0000, -0.0053, 0.0016, 0.3040, -9.0908, 0.0098
2025-03-05 02:27:44.513100, 320, 240, 8.4330, 0.0016, -0.0053, 0.0000, 0.2844, -9.0908, 0.0294
2025-03-05 02:27:44.546540, 320, 240, 8.0340, 0.0000, -0.0027, 0.0011, 0.3040, -9.0712, 0.0000
2025-03-05 02:27:44.612916, 320, 240, 8.0340, 0.0005, -0.0037, 0.0021, 0.3040, -9.0908, 0.0098
2025-03-05 02:27:44.746587, 320, 240, 7.1200, 0.0027, -0.0005, 0.0037, 0.3040, -9.0908, 0.0098
2025-03-05 02:27:44.780366, 320, 240, 8.2570, 0.0000, -0.0048, 0.0011, 0.2844, -9.0908, 0.0098
2025-03-05 02:27:44.846377, 320, 240, 8.2000, -0.0005, -0.0123, 0.0011, 0.2844, -9.0908, 0.0000
2025-03-05 02:27:44.880090, 320, 240, 8.3730, 0.0016, -0.0101, 0.0032, 0.3040, -9.0712, 0.0098
2025-03-05 02:27:44.979888, 320, 240, 7.3390, -0.0011, -0.0043, 0.0053, 0.2844, -9.0712, 0.0000
2025-03-05 02:27:45.012540, 320, 240, 8.2570, -0.0037, -0.0080, -0.0016, 0.3040, -9.0908, 0.0000
2025-03-05 02:27:45.079882, 320, 240, 8.2000, 0.0000, -0.0032, 0.0048, 0.3040, -9.0908, 0.0000
2025-03-05 02:27:45.112396, 320, 240, 8.1440, -0.0011, -0.0032, 0.0032, 0.3040, -9.0908, 0.0000
2025-03-05 02:27:45.179946, 320, 240, 7.7210, 0.0011, -0.0053, 0.0016, 0.3040, -9.0712, 0.0098
2025-03-05 02:27:45.213463, 320, 240, 7.1200, -0.0005, -0.0064, 0.0000, 0.3040, -9.0908, 0.0098
2025-03-05 02:27:45.280435, 320, 240, 7.8220, 0.0000, -0.0085, -0.0005, 0.2844, -9.0908, 0.0098
2025-03-05 02:27:45.312831, 320, 240, 8.2570, 0.0000, -0.0096, 0.0037, 0.3040, -9.0908, 0.0294
2025-03-05 02:27:45.380934, 320, 240, 7.0350, -0.0021, -0.0085, 0.0032, 0.3040, -9.0712, 0.0294
2025-03-05 02:27:45.414491, 320, 240, 8.2570, 0.0021, -0.0037, 0.0005, 0.3040, -9.0908, 0.0098
2025-03-05 02:27:45.480423, 320, 240, 8.2000, -0.0005, -0.0064, 0.0037, 0.2844, -9.0712, 0.0294
2025-03-05 02:27:45.514541, 320, 240, 8.2000, -0.0048, -0.0091, 0.0037, 0.3040, -9.0908, 0.0098
2025-03-05 02:27:45.580412, 320, 240, 8.1440, -0.0016, -0.0069, 0.0101, 0.3040, -9.0908, 0.0098
2025-03-05 02:27:46.647290, 320, 240, 7.0770, 0.0011, -0.0043, 0.0053, 0.2844, -9.0712, 0.0000
2025-03-05 02:27:46.680529, 320, 240, 7.7210, 0.0000, -0.0053, -0.0005, 0.3040, -9.0712, 0.0000
2025-03-05 02:27:46.747281, 320, 240, 8.1440, 0.0005, -0.0064, 0.0048, 0.3040, -9.0908, 0.0098
2025-03-05 02:27:46.780801, 320, 240, 8.2000, -0.0069, -0.0096, 0.0011, 0.2844, -9.0908, 0.0098
2025-03-05 02:27:46.847328, 320, 240, 8.1440, -0.0027, -0.0096, 0.0000, 0.2844, -9.0712, 0.0098
2025-03-05 02:27:46.880835, 320, 240, 8.1440, -0.0005, -0.0117, 0.0016, 0.3040, -9.0712, 0.0098
2025-03-05 02:27:46.947112, 320, 240, 8.4330, 0.0021, -0.0080, 0.0011, 0.3040, -9.0908, 0.0098
2025-03-05 02:27:46.980910, 320, 240, 8.4330, 0.0011, -0.0096, -0.0005, 0.3040, -9.0908, 0.0294
2025-03-05 02:27:47.045905, 320, 240, 8.4330, 0.0011, -0.0123, 0.0021, 0.3040, -9.0712, 0.0098
2025-03-05 02:27:47.081025, 320, 240, 7.5250, -0.0011, -0.0053, 0.0021, 0.2844, -9.0908, 0.0098
2025-03-05 02:27:47.147503, 320, 240, 7.9800, 0.0032, -0.0037, 0.0011, 0.2844, -9.0908, 0.0098
2025-03-05 02:27:47.280795, 320, 240, 8.1440, 0.0016, -0.0080, 0.0005, 0.3040, -9.0712, 0.0098
2025-03-05 02:27:47.314375, 320, 240, 8.4330, -0.0005, -0.0080, 0.0048, 0.3040, -9.0908, 0.0000
2025-03-05 02:27:47.380796, 320, 240, 8.1440, 0.0005, -0.0064, 0.0021, 0.3040, -9.0908, 0.0098
2025-03-05 02:27:47.414439, 320, 240, 8.6790, 0.0016, -0.0080, 0.0016, 0.3040, -9.0712, 0.0098
2025-03-05 02:27:47.480851, 320, 240, 8.2570, 0.0037, -0.0096, 0.0011, 0.3040, -9.0712, 0.0000
2025-03-05 02:27:47.614368, 320, 240, 8.8070, 0.0032, -0.0048, 0.0016, 0.2844, -9.0908, 0.0098
2025-03-05 02:27:47.647785, 320, 240, 7.7210, -0.0011, -0.0032, 0.0000, 0.2844, -9.0908, 0.0000
2025-03-05 02:27:47.714447, 320, 240, 8.4930, -0.0043, -0.0064, 0.0021, 0.2844, -9.0908, -0.0098
2025-03-05 02:27:47.746954, 320, 240, 7.5250, 0.0027, -0.0048, 0.0037, 0.3040, -9.0712, 0.0000
2025-03-05 02:27:47.814408, 320, 240, 8.1440, -0.0027, -0.0085, 0.0000, 0.2844, -9.0908, 0.0098
2025-03-05 02:27:47.847944, 320, 240, 7.9270, -0.0027, -0.0075, 0.0032, 0.2844, -9.0908, 0.0098
2025-03-05 02:27:47.914615, 320, 240, 7.6710, 0.0000, -0.0080, 0.0027, 0.2844, -9.0908, 0.0000
2025-03-05 02:27:47.947634, 320, 240, 7.7210, -0.0027, -0.0128, 0.0053, 0.3040, -9.0908, 0.0098
2025-03-05 02:27:48.014400, 320, 240, 7.5250, -0.0011, -0.0069, 0.0027, 0.3040, -9.0908, 0.0098
2025-03-05 02:27:48.046627, 320, 240, 8.3730, -0.0005, -0.0107, 0.0048, 0.3040, -9.0908, 0.0000
2025-03-05 02:27:48.113601, 320, 240, 8.4330, -0.0016, -0.0048, 0.0016, 0.3040, -9.0908, 0.0000
2025-03-05 02:27:48.147859, 320, 240, 8.1440, -0.0011, -0.0021, 0.0043, 0.3040, -9.0908, 0.0098
2025-03-05 02:27:48.214752, 320, 240, 7.8220, -0.0016, -0.0069, 0.0043, 0.3040, -9.0908, 0.0098
2025-03-05 02:27:48.248005, 320, 240, 8.0340, 0.0000, -0.0016, 0.0005, 0.3040, -9.0712, 0.0098
2025-03-05 02:27:48.314814, 320, 240, 7.6710, 0.0005, -0.0032, 0.0027, 0.3040, -9.0908, 0.0098
2025-03-05 02:27:48.348057, 320, 240, 8.4330, -0.0037, -0.0080, 0.0043, 0.3040, -9.0908, 0.0000
2025-03-05 02:27:48.414913, 320, 240, 8.3150, -0.0005, -0.0048, 0.0059, 0.3040, -9.0712, 0.0000
2025-03-05 02:27:48.448188, 320, 240, 7.8740, 0.0021, -0.0048, 0.0037, 0.3040, -9.0712, 0.0098
2025-03-05 02:27:48.514822, 320, 240, 7.5250, 0.0011, -0.0059, 0.0059, 0.2844, -9.0908, 0.0098
2025-03-05 02:27:48.548393, 320, 240, 7.1200, -0.0016, -0.0053, -0.0016, 0.3040, -9.0908, 0.0000
2025-03-05 02:27:48.614695, 320, 240, 8.2000, 0.0005, -0.0053, 0.0016, 0.3040, -9.0908, 0.0098
2025-03-05 02:27:48.781584, 320, 240, 8.1440, 0.0000, -0.0091, 0.0021, 0.3040, -9.0908, 0.0098
2025-03-05 02:27:48.814910, 320, 240, 8.1440, 0.0016, -0.0011, 0.0032, 0.2844, -9.0712, 0.0294
2025-03-05 02:27:48.881492, 320, 240, 7.4780, 0.0005, -0.0091, -0.0005, 0.2844, -9.0908, 0.0000
2025-03-05 02:27:48.914930, 320, 240, 8.2000, 0.0000, -0.0053, 0.0037, 0.2844, -9.0908, 0.0098
2025-03-05 02:27:48.981656, 320, 240, 8.2000, 0.0000, -0.0037, 0.0048, 0.2844, -9.0712, 0.0000
2025-03-05 02:27:49.013999, 320, 240, 8.2000, -0.0011, -0.0059, 0.0037, 0.2844, -9.0908, 0.0098
2025-03-05 02:27:49.080737, 320, 240, 8.4330, 0.0000, -0.0048, -0.0021, 0.2844, -9.0712, 0.0000
2025-03-05 02:27:49.113755, 320, 240, 8.2570, 0.0016, -0.0043, 0.0011, 0.2844, -9.0712, 0.0098
2025-03-05 02:27:49.348238, 320, 240, 8.2000, 0.0005, -0.0085, 0.0032, 0.3040, -9.0908, 0.0098
2025-03-05 02:27:49.382012, 320, 240, 8.0880, 0.0032, -0.0021, 0.0043, 0.3040, -9.0712, 0.0098
2025-03-05 02:27:49.448721, 320, 240, 7.8740, 0.0005, -0.0085, 0.0027, 0.2844, -9.0712, 0.0000
2025-03-05 02:27:49.548661, 320, 240, 8.2000, 0.0000, -0.0053, 0.0021, 0.3040, -9.1104, 0.0000
2025-03-05 02:27:49.582114, 320, 240, 7.8740, 0.0016, -0.0107, 0.0016, 0.3040, -9.0712, 0.0098
2025-03-05 02:27:49.648552, 320, 240, 7.7210, -0.0011, -0.0085, -0.0005, 0.2844, -9.0712, 0.0098
2025-03-05 02:27:49.682189, 320, 240, 7.7210, 0.0011, -0.0101, -0.0016, 0.3040, -9.0908, 0.0098
2025-03-05 02:27:49.748653, 320, 240, 8.0340, -0.0027, -0.0101, 0.0011, 0.3040, -9.0908, 0.0098
2025-03-05 02:27:49.782155, 320, 240, 7.9800, -0.0005, -0.0080, 0.0016, 0.2844, -9.0712, 0.0098
2025-03-05 02:27:49.848619, 320, 240, 7.5250, -0.0005, -0.0069, 0.0011, 0.3040, -9.0712, 0.0098
2025-03-05 02:27:49.882318, 320, 240, 8.4330, 0.0011, -0.0080, 0.0037, 0.3040, -9.0908, 0.0098
2025-03-05 02:27:49.948380, 320, 240, 8.3730, -0.0021, -0.0048, 0.0016, 0.2844, -9.0908, 0.0098
2025-03-05 02:27:49.982210, 320, 240, 9.2170, 0.0053, -0.0021, 0.0011, 0.3040, -9.0908, 0.0098
2025-03-05 02:27:50.049250, 320, 240, 8.3150, 0.0005, -0.0080, 0.0032, 0.3040, -9.0712, 0.0000
2025-03-05 02:27:50.114812, 320, 240, 7.9800, -0.0016, -0.0043, -0.0005, 0.3040, -9.0908, 0.0098
2025-03-05 02:27:50.148731, 320, 240, 8.8070, 0.0000, -0.0048, 0.0027, 0.3040, -9.0908, 0.0098
2025-03-05 02:27:50.214788, 320, 240, 8.4330, 0.0005, -0.0091, 0.0043, 0.3040, -9.0712, 0.0000
2025-03-05 02:27:50.248939, 320, 240, 7.5730, 0.0000, -0.0069, 0.0037, 0.2844, -9.0908, 0.0000
2025-03-05 02:27:50.315343, 320, 240, 7.4780, 0.0000, -0.0037, 0.0021, 0.2844, -9.0712, 0.0098
2025-03-05 02:27:50.348977, 320, 240, 8.4330, -0.0005, -0.0080, 0.0043, 0.3040, -9.0908, 0.0000
2025-03-05 02:27:50.448898, 320, 240, 8.0340, 0.0005, -0.0101, 0.0037, 0.3040, -9.0712, 0.0098
2025-03-05 02:27:50.481763, 320, 240, 8.2000, -0.0011, -0.0043, 0.0021, 0.3040, -9.0908, 0.0098
2025-03-05 02:27:50.549323, 320, 240, 7.6710, 0.0016, -0.0048, 0.0016, 0.3040, -9.0712, 0.0098
2025-03-05 02:27:50.582226, 320, 240, 7.9270, -0.0016, -0.0048, 0.0037, 0.3040, -9.0908, 0.0098
2025-03-05 02:27:50.649111, 320, 240, 8.2000, 0.0021, -0.0069, 0.0016, 0.2844, -9.0908, 0.0000
2025-03-05 02:27:50.682353, 320, 240, 7.0350, -0.0021, -0.0091, 0.0005, 0.3040, -9.0712, 0.0000
2025-03-05 02:27:50.748750, 320, 240, 7.3390, 0.0005, -0.0080, 0.0043, 0.2844, -9.0908, 0.0098
2025-03-05 02:27:50.782390, 320, 240, 8.1440, 0.0043, -0.0059, 0.0037, 0.3040, -9.0712, 0.0098
2025-03-05 02:27:50.849175, 320, 240, 7.6710, 0.0016, -0.0048, 0.0053, 0.3040, -9.0908, 0.0000
2025-03-05 02:27:50.882419, 320, 240, 8.1440, -0.0016, -0.0085, 0.0005, 0.2844, -9.0908, 0.0098
2025-03-05 02:27:50.948359, 320, 240, 8.2570, -0.0005, -0.0037, 0.0016, 0.2844, -9.0908, 0.0098
2025-03-05 02:27:50.982474, 320, 240, 8.0880, 0.0037, -0.0048, 0.0011, 0.3040, -9.0908, 0.0000
2025-03-05 02:27:51.047613, 320, 240, 7.8740, -0.0021, -0.0048, 0.0053, 0.2844, -9.0908, 0.0000
2025-03-05 02:27:51.114817, 320, 240, 9.0080, 0.0016, -0.0117, 0.0011, 0.3040, -9.0908, 0.0098
2025-03-05 02:27:51.149561, 320, 240, 8.2000, -0.0027, -0.0096, 0.0043, 0.3040, -9.0712, 0.0294
2025-03-05 02:27:51.215767, 320, 240, 8.2000, -0.0032, -0.0048, 0.0059, 0.2844, -9.0908, 0.0098
2025-03-05 02:27:51.249334, 320, 240, 8.1440, 0.0053, -0.0101, 0.0032, 0.3040, -9.0908, 0.0098
2025-03-05 02:27:51.316499, 320, 240, 8.2570, 0.0005, -0.0053, 0.0016, 0.3040, -9.0908, 0.0098
2025-03-05 02:27:51.349518, 320, 240, 8.3730, -0.0032, -0.0053, 0.0053, 0.3040, -9.0712, 0.0000
2025-03-05 02:27:51.415725, 320, 240, 7.8740, 0.0000, -0.0064, 0.0027, 0.2844, -9.0712, 0.0000
2025-03-05 02:27:51.449597, 320, 240, 7.9270, 0.0016, -0.0075, 0.0037, 0.2844, -9.0908, 0.0098
2025-03-05 02:27:51.514340, 320, 240, 7.9270, 0.0000, -0.0112, 0.0053, 0.3040, -9.0712, 0.0000
2025-03-05 02:27:51.582489, 320, 240, 8.2000, -0.0005, -0.0064, -0.0027, 0.3040, -9.0712, 0.0098
2025-03-05 02:27:51.616040, 320, 240, 8.2000, -0.0011, -0.0085, 0.0011, 0.3040, -9.0712, 0.0000
2025-03-05 02:27:51.682963, 320, 240, 8.0340, -0.0005, -0.0096, 0.0021, 0.3040, -9.0712, 0.0098
2025-03-05 02:27:51.716442, 320, 240, 7.8220, 0.0027, -0.0117, 0.0032, 0.3040, -9.0712, 0.0098
2025-03-05 02:27:51.782649, 320, 240, 8.2000, 0.0000, -0.0021, 0.0043, 0.3040, -9.0908, 0.0098
2025-03-05 02:27:51.816222, 320, 240, 8.1440, -0.0016, -0.0075, -0.0016, 0.2844, -9.0908, 0.0098
2025-03-05 02:27:51.882811, 320, 240, 8.1440, 0.0016, -0.0064, 0.0005, 0.3040, -9.0908, 0.0098
2025-03-05 02:27:51.916572, 320, 240, 8.2000, -0.0027, -0.0064, 0.0016, 0.3040, -9.0908, 0.0098
2025-03-05 02:27:51.982715, 320, 240, 7.5250, -0.0011, -0.0059, 0.0021, 0.3040, -9.0908, 0.0000
2025-03-05 02:27:52.015958, 320, 240, 8.6160, 0.0027, -0.0048, 0.0032, 0.3040, -9.0908, 0.0098
2025-03-05 02:27:52.082837, 320, 240, 8.6790, -0.0016, -0.0133, 0.0005, 0.2844, -9.0712, 0.0294
2025-03-05 02:27:52.114546, 320, 240, 8.6160, -0.0027, -0.0085, 0.0043, 0.3040, -9.0908, 0.0098
2025-03-05 02:27:52.182822, 320, 240, 7.5250, -0.0005, -0.0059, -0.0005, 0.2844, -9.0712, 0.0098
2025-03-05 02:27:52.216643, 320, 240, 7.2060, 0.0005, -0.0059, 0.0048, 0.3040, -9.0712, 0.0098
2025-03-05 02:27:52.282733, 320, 240, 8.7430, -0.0069, -0.0091, 0.0048, 0.3040, -9.0712, 0.0098
2025-03-05 02:27:52.349638, 320, 240, 8.3150, 0.0016, -0.0091, 0.0032, 0.3040, -9.0712, 0.0294
2025-03-05 02:27:52.383075, 320, 240, 7.5730, 0.0005, -0.0096, 0.0059, 0.3040, -9.0908, 0.0098
2025-03-05 02:27:52.449944, 320, 240, 8.1440, 0.0005, -0.0101, 0.0048, 0.2844, -9.0908, 0.0098
2025-03-05 02:27:52.483501, 320, 240, 8.0340, 0.0000, -0.0064, 0.0027, 0.3040, -9.0908, 0.0098
2025-03-05 02:27:52.549742, 320, 240, 7.8220, -0.0021, -0.0059, 0.0064, 0.3040, -9.0908, 0.0000
2025-03-05 02:27:52.615889, 320, 240, 8.2000, 0.0005, -0.0069, 0.0005, 0.3040, -9.0712, 0.0000
2025-03-05 02:27:52.650052, 320, 240, 7.9270, -0.0005, -0.0080, 0.0032, 0.2844, -9.0908, 0.0098
2025-03-05 02:27:52.716554, 320, 240, 8.1440, 0.0000, -0.0080, 0.0064, 0.3040, -9.0908, 0.0000
2025-03-05 02:27:52.850100, 320, 240, 8.2000, -0.0016, -0.0069, 0.0032, 0.2844, -9.0908, 0.0000
2025-03-05 02:27:52.883411, 320, 240, 7.9800, -0.0016, -0.0096, 0.0005, 0.2844, -9.0712, 0.0000
2025-03-05 02:27:52.949915, 320, 240, 8.4330, -0.0032, -0.0128, 0.0011, 0.3040, -9.0712, 0.0000
2025-03-05 02:27:52.983550, 320, 240, 8.1440, 0.0000, -0.0037, 0.0021, 0.2844, -9.0712, 0.0098
2025-03-05 02:27:53.048902, 320, 240, 7.9800, -0.0016, -0.0064, 0.0032, 0.3040, -9.0908, 0.0098
2025-03-05 02:27:53.115977, 320, 240, 7.2060, -0.0005, -0.0059, 0.0000, 0.3040, -9.0908, 0.0000
2025-03-05 02:27:53.151011, 320, 240, 7.5730, -0.0021, -0.0053, 0.0048, 0.3040, -9.0908, 0.0098
2025-03-05 02:27:53.216758, 320, 240, 7.5730, -0.0021, -0.0117, -0.0011, 0.2844, -9.0712, 0.0098
2025-03-05 02:27:53.417000, 320, 240, 8.7430, 0.0032, -0.0064, -0.0021, 0.3040, -9.0908, 0.0098
2025-03-05 02:27:54.017359, 320, 240, 9.0080, 0.0000, -0.0107, 0.0043, 0.3040, -9.0908, 0.0098
2025-03-05 02:27:54.048689, 320, 240, 7.8740, -0.0021, -0.0085, 0.0027, 0.3040, -9.0712, 0.0000
2025-03-05 02:27:54.116200, 320, 240, 8.2570, -0.0005, -0.0059, 0.0016, 0.2844, -9.0908, 0.0000
2025-03-05 02:27:54.150688, 320, 240, 8.1440, 0.0005, -0.0037, 0.0021, 0.3040, -9.0908, 0.0098
2025-03-05 02:27:54.217615, 320, 240, 8.1440, 0.0032, -0.0069, 0.0016, 0.2844, -9.0908, 0.0294
2025-03-05 02:27:54.250437, 320, 240, 8.4930, 0.0021, -0.0101, 0.0011, 0.3040, -9.0908, 0.0098
2025-03-05 02:27:54.317324, 320, 240, 8.1440, 0.0011, -0.0096, 0.0032, 0.3040, -9.0908, 0.0000
2025-03-05 02:27:54.350682, 320, 240, 8.3150, -0.0027, -0.0075, -0.0016, 0.3040, -9.0908, 0.0098
2025-03-05 02:27:54.417228, 320, 240, 7.5730, -0.0037, -0.0053, 0.0005, 0.3040, -9.0908, 0.0000
2025-03-05 02:27:54.450762, 320, 240, 8.2570, -0.0016, -0.0037, 0.0043, 0.3040, -9.0712, 0.0098
2025-03-05 02:27:54.517117, 320, 240, 8.2000, 0.0011, -0.0059, 0.0032, 0.2844, -9.0908, 0.0098
2025-03-05 02:27:54.550751, 320, 240, 8.3730, 0.0037, -0.0080, 0.0016, 0.2844, -9.0712, 0.0098
2025-03-05 02:27:54.617356, 320, 240, 8.2000, 0.0000, -0.0032, 0.0021, 0.3040, -9.0908, 0.0098
2025-03-05 02:27:54.650731, 320, 240, 7.9800, 0.0005, -0.0037, 0.0005, 0.3236, -9.0908, 0.0098
2025-03-05 02:27:54.717226, 320, 240, 7.3390, 0.0000, -0.0016, 0.0000, 0.2844, -9.0908, 0.0098
2025-03-05 02:27:54.750864, 320, 240, 8.3150, -0.0011, -0.0027, -0.0027, 0.3040, -9.0908, 0.0098
2025-03-05 02:27:54.817474, 320, 240, 7.9800, 0.0016, -0.0053, 0.0027, 0.3040, -9.0908, 0.0098
2025-03-05 02:27:54.850719, 320, 240, 7.4780, -0.0011, -0.0053, 0.0032, 0.2844, -9.0712, 0.0098
2025-03-05 02:27:54.917496, 320, 240, 7.9800, -0.0059, -0.0085, 0.0027, 0.3040, -9.0908, 0.0000
2025-03-05 02:27:54.951020, 320, 240, 7.5730, -0.0027, -0.0101, 0.0016, 0.3040, -9.0712, 0.0098
2025-03-05 02:27:55.017750, 320, 240, 8.2570, -0.0021, -0.0053, 0.0016, 0.2844, -9.0908, 0.0098
2025-03-05 02:27:55.049210, 320, 240, 7.5250, 0.0011, -0.0117, 0.0005, 0.3040, -9.0712, 0.0000
2025-03-05 02:27:55.116485, 320, 240, 8.1440, 0.0011, -0.0107, -0.0005, 0.3040, -9.0908, 0.0000
2025-03-05 02:27:55.150960, 320, 240, 7.8220, 0.0005, -0.0037, -0.0005, 0.3040, -9.0908, 0.0098
2025-03-05 02:27:55.217669, 320, 240, 8.2570, 0.0037, -0.0085, 0.0032, 0.3040, -9.0712, 0.0098
2025-03-05 02:27:55.251415, 320, 240, 7.0770, -0.0016, -0.0053, 0.0021, 0.3040, -9.0908, 0.0098
2025-03-05 02:27:55.317889, 320, 240, 6.9530, -0.0005, -0.0064, 0.0059, 0.3040, -9.0908, 0.0000
2025-03-05 02:27:55.384249, 320, 240, 8.0340, -0.0016, -0.0043, 0.0027, 0.3040, -9.0712, 0.0000
2025-03-05 02:27:55.417873, 320, 240, 7.5730, 0.0043, -0.0091, 0.0011, 0.3040, -9.0908, 0.0098
2025-03-05 02:27:55.484752, 320, 240, 8.3150, 0.0005, -0.0075, 0.0005, 0.3040, -9.0908, 0.0000
2025-03-05 02:27:55.517827, 320, 240, 8.4930, 0.0005, -0.0123, 0.0011, 0.3040, -9.0712, 0.0000
2025-03-05 02:27:55.584630, 320, 240, 7.6710, 0.0005, -0.0091, -0.0005, 0.3040, -9.0712, 0.0098
2025-03-05 02:27:55.851394, 320, 240, 8.1440, 0.0021, -0.0043, 0.0043, 0.2844, -9.0908, 0.0000
2025-03-05 02:27:55.917926, 320, 240, 8.1440, -0.0016, -0.0064, 0.0032, 0.2844, -9.0712, 0.0098
2025-03-05 02:27:55.951106, 320, 240, 7.3390, -0.0016, -0.0117, -0.0011, 0.3040, -9.0908, 0.0000
2025-03-05 02:27:56.018365, 320, 240, 7.8220, -0.0016, -0.0037, 0.0016, 0.3040, -9.0712, 0.0000
2025-03-05 02:27:56.082886, 320, 240, 7.2500, -0.0016, -0.0064, 0.0021, 0.3040, -9.0712, 0.0098
2025-03-05 02:27:56.116347, 320, 240, 9.0080, -0.0011, -0.0059, 0.0053, 0.2844, -9.0908, 0.0098
2025-03-05 02:27:56.184520, 320, 240, 7.4780, -0.0021, -0.0027, -0.0027, 0.3040, -9.0908, 0.0098
2025-03-05 02:27:56.217874, 320, 240, 8.2570, -0.0016, -0.0059, 0.0027, 0.3040, -9.0908, 0.0000
2025-03-05 02:27:56.284752, 320, 240, 8.2000, -0.0043, -0.0096, 0.0011, 0.3040, -9.0908, 0.0098
2025-03-05 02:27:56.317938, 320, 240, 8.0880, 0.0011, -0.0091, 0.0011, 0.3040, -9.0908, 0.0000
2025-03-05 02:27:56.384573, 320, 240, 8.4330, 0.0000, -0.0059, 0.0011, 0.2844, -9.0712, 0.0098
2025-03-05 02:27:56.418021, 320, 240, 8.2000, 0.0016, -0.0075, 0.0011, 0.2844, -9.0908, 0.0098
2025-03-05 02:27:56.484658, 320, 240, 8.4330, -0.0005, -0.0021, 0.0027, 0.3040, -9.0712, 0.0000
2025-03-05 02:27:56.518350, 320, 240, 8.7430, 0.0016, -0.0096, 0.0043, 0.3040, -9.0908, 0.0098
2025-03-05 02:27:56.584713, 320, 240, 7.3850, 0.0011, -0.0075, 0.0027, 0.3040, -9.0908, 0.0098
2025-03-05 02:27:56.617623, 320, 240, 7.7210, -0.0005, -0.0107, 0.0043, 0.3040, -9.0908, 0.0098
2025-03-05 02:27:56.685008, 320, 240, 8.1440, 0.0000, -0.0075, 0.0027, 0.2844, -9.0908, 0.0294
2025-03-05 02:27:56.718284, 320, 240, 8.5540, -0.0016, -0.0080, 0.0080, 0.3040, -9.0908, 0.0098
2025-03-05 02:27:56.785040, 320, 240, 8.6160, 0.0011, -0.0053, -0.0005, 0.2844, -9.0712, 0.0000
2025-03-05 02:27:56.818082, 320, 240, 7.2060, -0.0005, -0.0080, 0.0037, 0.3040, -9.0908, 0.0098
2025-03-05 02:27:56.885179, 320, 240, 7.8220, 0.0059, -0.0043, 0.0037, 0.3040, -9.0908, 0.0294
2025-03-05 02:27:56.918770, 320, 240, 7.6710, 0.0000, -0.0123, 0.0048, 0.2844, -9.0712, 0.0000
2025-03-05 02:27:56.985141, 320, 240, 7.9800, -0.0016, -0.0053, -0.0011, 0.3040, -9.0908, 0.0000
2025-03-05 02:27:57.018062, 320, 240, 8.2570, -0.0037, -0.0101, 0.0021, 0.3040, -9.0908, 0.0098
2025-03-05 02:27:57.085153, 320, 240, 7.6710, -0.0005, -0.0064, 0.0043, 0.2844, -9.0908, 0.0098
2025-03-05 02:27:57.116859, 320, 240, 8.1440, -0.0048, -0.0053, -0.0011, 0.2844, -9.0908, 0.0098
2025-03-05 02:27:57.185029, 320, 240, 7.9800, 0.0000, -0.0032, -0.0005, 0.2844, -9.0712, 0.0098
2025-03-05 02:27:57.218782, 320, 240, 7.9270, -0.0021, -0.0112, 0.0016, 0.2844, -9.0908, 0.0098
2025-03-05 02:27:57.283845, 320, 240, 8.0880, 0.0032, -0.0037, 0.0000, 0.2844, -9.0908, 0.0098
2025-03-05 02:27:57.318907, 320, 240, 8.4930, -0.0016, -0.0080, 0.0011, 0.2844, -9.0712, 0.0000
2025-03-05 02:27:57.385797, 320, 240, 8.2000, -0.0011, -0.0091, 0.0053, 0.3040, -9.0908, 0.0098
2025-03-05 02:27:57.418896, 320, 240, 7.8740, 0.0000, -0.0043, 0.0032, 0.3040, -9.0908, 0.0000
2025-03-05 02:27:57.485072, 320, 240, 7.6710, 0.0005, -0.0096, 0.0027, 0.3040, -9.0712, 0.0098
2025-03-05 02:27:57.518893, 320, 240, 7.7210, -0.0021, -0.0037, 0.0005, 0.3040, -9.0908, 0.0000
2025-03-05 02:27:57.585448, 320, 240, 7.9270, 0.0005, -0.0075, 0.0011, 0.3040, -9.0908, 0.0098
2025-03-05 02:27:57.618706, 320, 240, 7.3850, 0.0021, -0.0037, 0.0032, 0.3040, -9.0712, 0.0098
2025-03-05 02:27:57.685281, 320, 240, 7.6710, 0.0016, -0.0037, 0.0016, 0.2844, -9.0712, 0.0000
2025-03-05 02:27:57.718910, 320, 240, 8.2000, -0.0005, -0.0059, 0.0027, 0.3040, -9.0712, 0.0098
2025-03-05 02:27:57.784750, 320, 240, 8.0880, -0.0027, -0.0053, -0.0005, 0.3040, -9.0712, 0.0490
2025-03-05 02:27:57.818979, 320, 240, 7.9800, -0.0016, -0.0048, 0.0048, 0.3040, -9.0908, 0.0098
2025-03-05 02:27:57.885556, 320, 240, 7.2060, 0.0005, -0.0075, 0.0027, 0.3040, -9.0908, 0.0098
2025-03-05 02:27:57.919042, 320, 240, 7.8740, 0.0005, -0.0059, 0.0011, 0.3040, -9.0908, 0.0098
2025-03-05 02:27:57.985346, 320, 240, 8.4930, 0.0000, -0.0085, 0.0027, 0.2844, -9.0712, 0.0000
2025-03-05 02:27:58.050317, 320, 240, 8.0880, 0.0021, -0.0064, 0.0027, 0.3040, -9.0908, 0.0000
2025-03-05 02:27:58.085497, 320, 240, 8.2000, 0.0016, -0.0053, -0.0053, 0.3040, -9.0908, 0.0098
2025-03-05 02:27:58.152979, 320, 240, 7.6710, 0.0005, -0.0069, 0.0032, 0.3040, -9.0908, 0.0098
2025-03-05 02:27:58.186140, 320, 240, 7.8220, 0.0021, -0.0080, 0.0016, 0.3040, -9.0712, 0.0098
2025-03-05 02:27:58.252417, 320, 240, 8.4330, -0.0011, -0.0059, 0.0032, 0.3040, -9.0712, 0.0294
2025-03-05 02:27:58.285787, 320, 240, 7.9270, -0.0011, -0.0069, 0.0011, 0.3040, -9.0908, 0.0098
2025-03-05 02:27:58.352655, 320, 240, 7.9270, -0.0011, -0.0064, 0.0005, 0.3040, -9.0712, 0.0098
2025-03-05 02:27:58.385835, 320, 240, 8.4330, -0.0032, -0.0059, 0.0053, 0.2844, -9.0908, 0.0098
2025-03-05 02:27:58.452320, 320, 240, 8.4330, -0.0053, -0.0096, 0.0053, 0.2844, -9.0712, 0.0098
2025-03-05 02:27:58.485854, 320, 240, 7.3850, 0.0005, -0.0043, 0.0000, 0.3040, -9.0712, 0.0098
2025-03-05 02:27:58.553176, 320, 240, 8.2570, -0.0048, -0.0069, 0.0064, 0.3040, -9.0712, 0.0000
2025-03-05 02:27:58.586394, 320, 240, 8.1440, 0.0005, -0.0075, 0.0021, 0.3040, -9.0712, 0.0000
2025-03-05 02:27:58.686210, 320, 240, 8.2570, 0.0032, -0.0069, 0.0043, 0.3040, -9.0712, 0.0098
2025-03-05 02:27:58.718711, 320, 240, 8.3150, -0.0016, -0.0091, 0.0027, 0.3040, -9.0712, 0.0098
2025-03-05 02:27:58.785921, 320, 240, 7.7210, -0.0016, -0.0053, 0.0016, 0.3040, -9.0908, 0.0000
2025-03-05 02:27:58.819367, 320, 240, 7.5730, -0.0016, -0.0069, 0.0005, 0.3040, -9.0908, 0.0000
2025-03-05 02:27:58.886019, 320, 240, 9.4360, -0.0016, -0.0085, 0.0011, 0.3040, -9.0908, 0.0294
2025-03-05 02:27:58.919047, 320, 240, 7.7210, -0.0005, -0.0107, 0.0000, 0.3040, -9.0712, 0.0000
2025-03-05 02:27:58.985991, 320, 240, 7.5250, 0.0000, -0.0080, 0.0021, 0.3040, -9.0908, 0.0000
2025-03-05 02:27:59.019485, 320, 240, 9.1460, 0.0000, -0.0069, 0.0027, 0.3040, -9.0908, 0.0098
2025-03-05 02:27:59.085705, 320, 240, 8.3730, -0.0005, -0.0080, 0.0005, 0.3040, -9.0908, 0.0098
2025-03-05 02:27:59.117687, 320, 240, 7.7210, -0.0011, -0.0069, 0.0027, 0.3040, -9.0908, 0.0098
2025-03-05 02:27:59.185888, 320, 240, 7.3850, 0.0005, -0.0075, 0.0059, 0.2844, -9.0908, 0.0000
2025-03-05 02:27:59.219345, 320, 240, 8.4930, 0.0011, -0.0059, 0.0032, 0.3040, -9.0908, 0.0098
2025-03-05 02:27:59.285883, 320, 240, 7.9270, 0.0016, -0.0080, 0.0032, 0.2844, -9.0712, 0.0000
2025-03-05 02:27:59.319400, 320, 240, 7.6710, -0.0021, -0.0085, 0.0000, 0.3040, -9.0712, 0.0098
2025-03-05 02:27:59.386195, 320, 240, 8.0880, -0.0011, -0.0053, -0.0011, 0.3040, -9.0712, 0.0098
2025-03-05 02:27:59.419520, 320, 240, 8.3730, 0.0000, -0.0064, 0.0037, 0.3040, -9.0908, 0.0098
2025-03-05 02:27:59.486029, 320, 240, 8.0880, 0.0053, 0.0000, -0.0011, 0.3040, -9.0712, 0.0000
2025-03-05 02:27:59.519536, 320, 240, 8.2570, -0.0032, -0.0053, 0.0048, 0.2844, -9.0908, -0.0098
2025-03-05 02:27:59.586139, 320, 240, 8.2570, 0.0000, -0.0059, 0.0016, 0.3040, -9.0908, 0.0098
2025-03-05 02:27:59.652225, 320, 240, 7.3390, -0.0027, -0.0075, 0.0005, 0.3040, -9.0908, 0.0098
2025-03-05 02:27:59.686226, 320, 240, 8.0880, 0.0000, -0.0048, 0.0011, 0.2844, -9.0712, 0.0000
2025-03-05 02:27:59.752691, 320, 240, 8.4930, -0.0005, -0.0059, 0.0005, 0.3040, -9.0712, 0.0098
2025-03-05 02:27:59.786413, 320, 240, 8.3730, 0.0016, -0.0027, 0.0016, 0.3040, -9.0908, 0.0000
2025-03-05 02:27:59.852479, 320, 240, 8.0880, -0.0021, -0.0064, 0.0053, 0.2844, -9.0712, 0.0000
2025-03-05 02:27:59.886180, 320, 240, 8.1440, 0.0037, -0.0069, 0.0043, 0.2844, -9.0712, 0.0000
2025-03-05 02:27:59.952957, 320, 240, 8.7430, 0.0027, -0.0027, -0.0011, 0.3040, -9.0712, 0.0000
2025-03-05 02:28:00.051334, 320, 240, 8.0880, -0.0005, -0.0101, 0.0032, 0.3040, -9.0712, 0.0000
2025-03-05 02:28:00.085605, 320, 240, 7.7210, -0.0011, -0.0059, 0.0032, 0.2844, -9.0908, 0.0294
2025-03-05 02:28:00.151509, 320, 240, 7.9800, 0.0005, -0.0117, 0.0000, 0.2844, -9.0712, 0.0098
2025-03-05 02:28:00.186457, 320, 240, 8.0880, -0.0016, -0.0048, 0.0037, 0.3040, -9.0712, 0.0000
2025-03-05 02:28:00.519792, 320, 240, 7.8740, -0.0027, -0.0096, 0.0005, 0.3040, -9.0908, 0.0000
2025-03-05 02:28:00.553228, 320, 240, 8.3730, 0.0005, -0.0032, 0.0011, 0.3040, -9.0908, 0.0294
2025-03-05 02:28:00.619658, 320, 240, 8.2570, -0.0016, -0.0085, 0.0011, 0.3040, -9.0908, 0.0000
2025-03-05 02:28:00.653215, 320, 240, 8.2000, -0.0021, -0.0080, -0.0016, 0.3040, -9.0712, 0.0098
2025-03-05 02:28:00.719996, 320, 240, 8.0340, -0.0027, -0.0064, 0.0043, 0.3040, -9.0908, 0.0098
2025-03-05 02:28:00.753258, 320, 240, 7.6710, 0.0000, -0.0043, 0.0021, 0.3040, -9.0712, 0.0098
2025-03-05 02:28:00.819985, 320, 240, 7.5250, 0.0011, -0.0048, 0.0027, 0.2844, -9.0908, 0.0000
2025-03-05 02:28:00.853461, 320, 240, 8.2000, -0.0011, -0.0064, 0.0000, 0.2844, -9.0908, 0.0294
2025-03-05 02:28:00.920415, 320, 240, 8.1440, -0.0021, -0.0064, 0.0032, 0.3040, -9.0908, 0.0098
2025-03-05 02:28:00.953561, 320, 240, 7.7210, -0.0011, -0.0096, -0.0011, 0.2844, -9.0908, 0.0098
2025-03-05 02:28:01.020310, 320, 240, 7.4780, 0.0005, -0.0016, 0.0011, 0.2844, -9.0908, 0.0294
2025-03-05 02:28:01.051674, 320, 240, 8.0880, -0.0037, -0.0048, 0.0011, 0.3040, -9.0908, 0.0000
2025-03-05 02:28:01.118443, 320, 240, 8.1440, 0.0016, -0.0085, 0.0000, 0.3040, -9.0908, 0.0000
2025-03-05 02:28:01.154267, 320, 240, 7.7210, 0.0021, -0.0075, 0.0032, 0.3040, -9.0908, 0.0098
2025-03-05 02:28:01.220383, 320, 240, 8.9400, 0.0011, -0.0032, 0.0021, 0.2844, -9.0712, 0.0098
2025-03-05 02:28:01.253725, 320, 240, 8.5540, -0.0016, -0.0037, 0.0059, 0.3040, -9.0908, 0.0098
2025-03-05 02:28:01.320144, 320, 240, 7.7210, -0.0011, -0.0101, 0.0005, 0.2844, -9.0908, 0.0098
2025-03-05 02:28:01.353848, 320, 240, 8.1440, 0.0005, -0.0059, 0.0016, 0.3040, -9.0712, 0.0000
2025-03-05 02:28:01.420393, 320, 240, 8.1440, 0.0005, -0.0048, 0.0059, 0.3040, -9.0908, 0.0098
2025-03-05 02:28:01.486517, 320, 240, 7.0770, 0.0027, -0.0123, 0.0048, 0.3040, -9.0712, 0.0098
2025-03-05 02:28:01.520434, 320, 240, 8.2570, -0.0005, -0.0048, 0.0011, 0.3040, -9.0908, 0.0294
2025-03-05 02:28:01.587068, 320, 240, 8.2000, -0.0011, -0.0048, -0.0011, 0.3040, -9.0908, 0.0098
2025-03-05 02:28:01.620281, 320, 240, 7.6710, 0.0005, -0.0048, 0.0064, 0.3040, -9.0712, 0.0000
2025-03-05 02:28:01.687068, 320, 240, 8.0340, 0.0005, -0.0107, 0.0005, 0.2844, -9.0712, 0.0098
2025-03-05 02:28:01.787273, 320, 240, 8.6790, 0.0011, -0.0101, 0.0021, 0.2844, -9.0712, 0.0000
2025-03-05 02:28:01.820638, 320, 240, 8.1440, 0.0005, -0.0048, 0.0005, 0.3040, -9.0712, 0.0000
2025-03-05 02:28:01.887075, 320, 240, 8.6160, 0.0011, -0.0101, -0.0005, 0.3040, -9.0908, 0.0000
2025-03-05 02:28:01.920542, 320, 240, 7.5730, -0.0048, -0.0053, 0.0021, 0.2844, -9.0712, 0.0098
2025-03-05 02:28:01.987212, 320, 240, 8.7430, -0.0016, -0.0085, 0.0037, 0.2844, -9.0712, 0.0098
2025-03-05 02:28:02.020827, 320, 240, 9.5120, -0.0011, -0.0032, 0.0048, 0.3040, -9.0712, 0.0098
2025-03-05 02:28:02.087580, 320, 240, 7.9270, -0.0011, -0.0053, 0.0016, 0.2844, -9.0908, 0.0098
2025-03-05 02:28:02.119555, 320, 240, 7.8740, -0.0027, -0.0064, -0.0016, 0.3040, -9.0908, 0.0098
2025-03-05 02:28:02.185475, 320, 240, 7.9800, -0.0021, -0.0059, 0.0032, 0.2844, -9.0908, 0.0098
2025-03-05 02:28:02.220805, 320, 240, 9.1460, 0.0000, -0.0080, 0.0043, 0.3040, -9.0712, 0.0000
2025-03-05 02:28:02.287247, 320, 240, 7.8220, 0.0032, -0.0085, 0.0027, 0.2844, -9.0712, 0.0098
2025-03-05 02:28:02.320798, 320, 240, 8.3730, -0.0021, -0.0053, 0.0016, 0.3040, -9.0712, 0.0098
2025-03-05 02:28:02.387574, 320, 240, 7.8740, -0.0011, -0.0080, 0.0032, 0.2844, -9.0908, 0.0294
2025-03-05 02:28:02.420938, 320, 240, 8.2570, -0.0048, -0.0091, 0.0021, 0.3040, -9.0908, 0.0098
2025-03-05 02:28:02.487240, 320, 240, 8.1440, -0.0037, -0.0069, 0.0053, 0.3040, -9.0712, 0.0098
2025-03-05 02:28:02.521112, 320, 240, 7.6710, -0.0027, -0.0053, -0.0005, 0.3040, -9.0908, 0.0098
2025-03-05 02:28:02.587816, 320, 240, 8.2000, -0.0032, -0.0037, 0.0016, 0.3040, -9.0712, 0.0294
2025-03-05 02:28:02.620961, 320, 240, 8.3730, 0.0043, -0.0021, 0.0043, 0.3040, -9.0712, 0.0098
2025-03-05 02:28:02.754827, 320, 240, 8.4330, 0.0037, -0.0032, 0.0037, 0.3040, -9.0712, 0.0098
2025-03-05 02:28:02.788168, 320, 240, 7.6710, -0.0016, -0.0048, 0.0016, 0.3040, -9.0908, 0.0294
2025-03-05 02:28:02.854524, 320, 240, 7.9270, 0.0011, -0.0069, 0.0016, 0.3040, -9.0908, 0.0098
2025-03-05 02:28:02.887618, 320, 240, 8.2570, -0.0011, -0.0037, 0.0005, 0.2844, -9.0908, 0.0098
2025-03-05 02:28:02.954516, 320, 240, 8.2570, -0.0021, -0.0064, 0.0037, 0.3040, -9.0908, 0.0098
2025-03-05 02:28:02.987812, 320, 240, 7.9270, -0.0011, -0.0117, 0.0037, 0.3040, -9.0712, 0.0098
2025-03-05 02:28:03.053945, 320, 240, 8.3730, -0.0005, -0.0069, 0.0064, 0.3040, -9.0712, 0.0294
2025-03-05 02:28:03.087643, 320, 240, 7.9800, 0.0000, -0.0064, 0.0027, 0.2844, -9.0908, 0.0098
2025-03-05 02:28:03.155130, 320, 240, 7.9270, -0.0005, -0.0048, 0.0021, 0.3040, -9.0712, 0.0098
2025-03-05 02:28:03.187767, 320, 240, 7.8220, 0.0011, -0.0059, -0.0021, 0.3040, -9.0908, 0.0000
2025-03-05 02:28:03.254442, 320, 240, 7.8220, 0.0016, -0.0064, 0.0027, 0.3040, -9.0712, 0.0098
2025-03-05 02:28:03.287733, 320, 240, 8.2000, 0.0000, -0.0075, -0.0005, 0.2844, -9.0712, 0.0000
2025-03-05 02:28:03.355618, 320, 240, 8.0880, 0.0011, -0.0069, 0.0016, 0.2844, -9.0908, 0.0098
2025-03-05 02:28:03.387621, 320, 240, 8.2000, -0.0021, -0.0096, 0.0021, 0.3040, -9.0908, 0.0294
2025-03-05 02:28:03.454461, 320, 240, 7.5730, -0.0005, -0.0075, 0.0011, 0.3040, -9.0712, 0.0000
2025-03-05 02:28:03.487784, 320, 240, 8.2000, 0.0043, -0.0085, 0.0011, 0.3040, -9.0712, 0.0098
2025-03-05 02:28:03.554655, 320, 240, 7.5250, 0.0027, -0.0080, 0.0037, 0.2844, -9.0908, 0.0000
2025-03-05 02:28:03.587860, 320, 240, 7.9800, -0.0027, -0.0064, 0.0043, 0.3040, -9.0908, 0.0098
2025-03-05 02:28:03.654582, 320, 240, 7.9270, 0.0021, -0.0091, 0.0027, 0.3040, -9.0908, 0.0000
2025-03-05 02:28:03.688406, 320, 240, 7.7210, -0.0016, -0.0085, 0.0027, 0.2844, -9.0712, -0.0098
2025-03-05 02:28:03.754796, 320, 240, 7.8220, 0.0016, -0.0032, 0.0021, 0.2844, -9.0712, 0.0098
2025-03-05 02:28:03.788276, 320, 240, 7.8740, 0.0027, -0.0048, 0.0032, 0.3040, -9.0908, 0.0000
2025-03-05 02:28:03.854776, 320, 240, 7.9800, 0.0021, -0.0080, 0.0059, 0.3040, -9.0712, 0.0000
2025-03-05 02:28:03.888150, 320, 240, 7.8740, 0.0048, -0.0085, 0.0027, 0.3040, -9.0712, 0.0294
2025-03-05 02:28:03.954951, 320, 240, 8.1440, -0.0011, -0.0027, 0.0016, 0.3040, -9.0908, 0.0098
2025-03-05 02:28:03.988300, 320, 240, 8.6790, -0.0005, -0.0080, 0.0011, 0.3040, -9.0712, 0.0098
2025-03-05 02:28:04.053065, 320, 240, 8.4330, 0.0005, -0.0080, 0.0005, 0.3040, -9.0712, 0.0098
2025-03-05 02:28:04.087386, 320, 240, 9.5120, -0.0011, -0.0048, 0.0011, 0.3040, -9.0712, 0.0000
2025-03-05 02:28:04.155014, 320, 240, 8.1440, 0.0011, -0.0101, 0.0032, 0.2844, -9.0908, 0.0098
2025-03-05 02:28:04.188087, 320, 240, 7.8220, -0.0032, -0.0107, 0.0016, 0.3040, -9.0908, 0.0098
2025-03-05 02:28:04.254948, 320, 240, 7.5250, -0.0005, -0.0064, 0.0016, 0.2844, -9.0712, 0.0000
2025-03-05 02:28:04.321094, 320, 240, 8.2570, 0.0027, -0.0080, -0.0011, 0.2844, -9.0712, 0.0098
2025-03-05 02:28:04.355111, 320, 240, 7.6710, 0.0011, -0.0091, 0.0059, 0.3040, -9.0908, 0.0098
2025-03-05 02:28:04.421731, 320, 240, 7.6710, 0.0000, -0.0080, 0.0032, 0.2844, -9.0908, 0.0098
2025-03-05 02:28:04.588430, 320, 240, 8.2570, -0.0048, -0.0048, 0.0037, 0.2844, -9.0712, 0.0000
2025-03-05 02:28:04.655101, 320, 240, 7.5250, -0.0016, -0.0091, 0.0027, 0.3236, -9.0712, 0.0098
2025-03-05 02:28:04.688544, 320, 240, 7.0350, 0.0016, -0.0037, 0.0037, 0.3040, -9.0908, 0.0098
2025-03-05 02:28:04.855575, 320, 240, 8.2570, 0.0005, -0.0053, 0.0000, 0.3040, -9.0712, 0.0000
2025-03-05 02:28:04.889226, 320, 240, 6.8330, 0.0027, -0.0053, 0.0043, 0.3040, -9.0908, 0.0000
2025-03-05 02:28:04.955057, 320, 240, 7.5250, 0.0005, -0.0059, 0.0037, 0.3040, -9.0712, 0.0098
2025-03-05 02:28:04.988628, 320, 240, 7.5730, -0.0048, -0.0085, -0.0005, 0.2844, -9.0712, 0.0098
2025-03-05 02:28:05.053374, 320, 240, 8.1440, -0.0027, -0.0064, -0.0011, 0.3040, -9.0908, 0.0098
2025-03-05 02:28:05.088383, 320, 240, 8.1440, -0.0005, -0.0037, 0.0027, 0.3236, -9.0712, 0.0098
2025-03-05 02:28:05.155007, 320, 240, 7.4780, 0.0021, -0.0048, 0.0037, 0.3040, -9.0908, 0.0000
2025-03-05 02:28:05.188538, 320, 240, 7.2500, -0.0016, -0.0080, 0.0032, 0.3040, -9.0908, 0.0000
2025-03-05 02:28:05.254976, 320, 240, 8.1440, -0.0021, -0.0059, -0.0005, 0.2844, -9.0908, 0.0098
2025-03-05 02:28:05.288570, 320, 240, 8.2570, 0.0021, -0.0069, 0.0005, 0.3040, -9.0712, 0.0098
2025-03-05 02:28:05.356007, 320, 240, 9.2170, -0.0005, -0.0085, 0.0021, 0.3040, -9.0712, 0.0098
2025-03-05 02:28:05.388701, 320, 240, 8.0340, -0.0032, -0.0085, 0.0021, 0.3040, -9.0712, 0.0098
2025-03-05 02:28:05.455556, 320, 240, 8.2000, -0.0016, -0.0048, 0.0027, 0.2844, -9.0712, 0.0098
2025-03-05 02:28:05.488816, 320, 240, 7.6710, 0.0005, -0.0059, 0.0069, 0.2844, -9.0908, -0.0098
2025-03-05 02:28:05.556037, 320, 240, 7.0350, 0.0037, -0.0059, 0.0011, 0.2844, -9.0712, 0.0000
2025-03-05 02:28:05.589322, 320, 240, 8.3730, -0.0011, -0.0048, 0.0043, 0.3040, -9.0712, 0.0098
2025-03-05 02:28:05.655663, 320, 240, 7.5730, -0.0011, -0.0085, 0.0016, 0.2844, -9.0712, 0.0098
2025-03-05 02:28:05.689447, 320, 240, 7.8220, 0.0011, -0.0053, 0.0016, 0.2844, -9.0712, 0.0098
2025-03-05 02:28:05.756227, 320, 240, 8.2570, 0.0005, -0.0085, 0.0043, 0.3040, -9.0712, 0.0098
2025-03-05 02:28:05.789068, 320, 240, 7.2060, 0.0005, -0.0059, 0.0011, 0.3040, -9.0908, -0.0098
2025-03-05 02:28:05.888958, 320, 240, 8.4930, 0.0011, -0.0096, 0.0016, 0.3040, -9.0712, 0.0000
2025-03-05 02:28:05.921857, 320, 240, 7.9270, -0.0021, -0.0085, 0.0021, 0.3040, -9.0908, 0.0000
2025-03-05 02:28:05.989621, 320, 240, 8.0340, -0.0005, -0.0037, 0.0027, 0.3040, -9.0908, 0.0098
2025-03-05 02:28:06.053944, 320, 240, 8.2570, -0.0011, -0.0053, 0.0059, 0.3040, -9.0712, 0.0098
2025-03-05 02:28:06.088790, 320, 240, 7.9800, -0.0011, -0.0091, 0.0075, 0.2844, -9.0712, 0.0098
2025-03-05 02:28:06.156217, 320, 240, 7.0350, 0.0043, -0.0080, 0.0027, 0.2844, -9.0712, 0.0000
2025-03-05 02:28:06.189470, 320, 240, 7.7210, -0.0021, -0.0027, 0.0027, 0.3040, -9.0712, 0.0098
2025-03-05 02:28:06.289163, 320, 240, 8.3730, 0.0027, -0.0037, 0.0021, 0.3040, -9.0908, 0.0098
2025-03-05 02:28:06.322087, 320, 240, 8.4930, 0.0011, -0.0085, 0.0053, 0.3236, -9.0712, 0.0000
2025-03-05 02:28:06.389298, 320, 240, 7.6710, -0.0005, -0.0037, 0.0043, 0.3040, -9.0908, 0.0000
2025-03-05 02:28:06.422603, 320, 240, 8.3730, -0.0021, -0.0069, 0.0011, 0.2844, -9.0712, 0.0098
2025-03-05 02:28:06.489329, 320, 240, 8.3730, 0.0005, -0.0075, 0.0027, 0.3040, -9.0712, 0.0098
2025-03-05 02:28:06.522586, 320, 240, 8.1440, -0.0021, -0.0101, 0.0059, 0.3040, -9.0712, 0.0000
2025-03-05 02:28:06.589472, 320, 240, 8.0880, 0.0005, -0.0005, 0.0037, 0.3040, -9.0712, 0.0000
2025-03-05 02:28:06.622759, 320, 240, 8.2000, 0.0021, -0.0037, 0.0011, 0.3040, -9.0908, 0.0000
2025-03-05 02:28:06.689152, 320, 240, 8.1440, 0.0000, -0.0059, 0.0037, 0.2844, -9.0712, 0.0000
2025-03-05 02:28:06.755864, 320, 240, 8.2570, 0.0011, -0.0096, 0.0053, 0.3040, -9.0712, 0.0000
2025-03-05 02:28:06.790237, 320, 240, 8.8070, 0.0053, -0.0043, 0.0059, 0.3040, -9.0712, 0.0000
2025-03-05 02:28:06.855988, 320, 240, 8.3730, -0.0011, -0.0043, 0.0011, 0.3040, -9.0908, 0.0098
2025-03-05 02:28:06.889533, 320, 240, 7.7210, 0.0016, -0.0021, 0.0027, 0.3040, -9.0908, 0.0098
2025-03-05 02:28:06.989531, 320, 240, 8.2000, 0.0011, -0.0059, 0.0043, 0.3040, -9.0908, 0.0098
2025-03-05 02:28:07.054221, 320, 240, 8.4930, -0.0032, -0.0080, 0.0043, 0.3040, -9.0908, 0.0000
2025-03-05 02:28:07.089603, 320, 240, 8.0880, 0.0011, -0.0096, 0.0011, 0.3040, -9.0908, 0.0098
2025-03-05 02:28:07.155964, 320, 240, 8.1440, -0.0005, -0.0069, 0.0059, 0.3040, -9.0908, 0.0098
2025-03-05 02:28:07.189086, 320, 240, 8.6790, -0.0043, -0.0112, 0.0048, 0.3040, -9.0908, 0.0000
2025-03-05 02:28:07.255852, 320, 240, 8.2570, -0.0011, -0.0032, 0.0016, 0.3040, -9.0712, 0.0098
2025-03-05 02:28:07.322105, 320, 240, 7.9800, -0.0021, -0.0037, 0.0027, 0.2844, -9.0712, 0.0098
2025-03-05 02:28:07.356276, 320, 240, 8.1440, -0.0021, -0.0059, -0.0005, 0.3040, -9.0712, 0.0000
2025-03-05 02:28:07.422670, 320, 240, 6.7560, 0.0048, -0.0053, 0.0037, 0.3040, -9.0908, 0.0294
2025-03-05 02:28:07.456290, 320, 240, 7.7210, 0.0005, -0.0075, 0.0027, 0.3040, -9.0908, 0.0000
2025-03-05 02:28:07.556178, 320, 240, 7.5250, 0.0000, -0.0101, 0.0016, 0.3040, -9.0908, 0.0000
2025-03-05 02:28:07.588947, 320, 240, 8.0340, -0.0005, -0.0112, 0.0005, 0.3040, -9.0908, 0.0098
2025-03-05 02:28:07.656062, 320, 240, 7.0770, -0.0032, -0.0037, -0.0011, 0.3040, -9.0908, 0.0098
2025-03-05 02:28:07.689884, 320, 240, 7.5250, 0.0032, -0.0053, 0.0000, 0.3040, -9.0908, 0.0294
2025-03-05 02:28:07.755586, 320, 240, 6.9530, 0.0027, -0.0069, 0.0027, 0.2844, -9.0712, 0.0098
2025-03-05 02:28:07.790342, 320, 240, 7.6710, -0.0021, -0.0112, 0.0027, 0.2844, -9.0908, 0.0000
2025-03-05 02:28:07.856546, 320, 240, 8.2000, 0.0021, -0.0080, 0.0016, 0.3040, -9.0712, 0.0098
2025-03-05 02:28:07.889718, 320, 240, 7.9270, -0.0011, -0.0037, 0.0027, 0.3040, -9.0908, 0.0098
2025-03-05 02:28:07.956473, 320, 240, 8.4330, -0.0005, -0.0032, 0.0048, 0.2844, -9.0908, 0.0000
2025-03-05 02:28:08.022624, 320, 240, 8.1440, 0.0021, -0.0053, 0.0011, 0.2844, -9.0908, 0.0000
2025-03-05 02:28:08.556832, 320, 240, 7.9270, 0.0000, 0.0021, 0.0011, 0.3040, -9.0908, 0.0098
2025-03-05 02:28:08.589974, 320, 240, 9.0080, -0.0016, -0.0085, -0.0048, 0.3040, -9.0908, 0.0098
2025-03-05 02:28:08.656806, 320, 240, 8.1440, 0.0000, -0.0064, 0.0016, 0.3040, -9.0908, 0.0098
2025-03-05 02:28:08.690227, 320, 240, 7.9800, -0.0005, -0.0032, 0.0043, 0.2844, -9.0908, 0.0098
2025-03-05 02:28:08.756737, 320, 240, 8.0340, 0.0037, -0.0064, 0.0005, 0.3040, -9.0712, 0.0000
2025-03-05 02:28:08.790129, 320, 240, 8.3150, 0.0005, -0.0075, 0.0016, 0.3040, -9.0908, 0.0000
2025-03-05 02:28:08.856995, 320, 240, 7.7210, -0.0021, -0.0107, 0.0027, 0.2844, -9.0908, 0.0294
2025-03-05 02:28:08.890307, 320, 240, 8.6160, -0.0005, -0.0085, 0.0027, 0.3040, -9.0908, 0.0098
2025-03-05 02:28:08.956770, 320, 240, 7.5730, 0.0032, -0.0091, 0.0000, 0.3040, -9.0712, 0.0000
2025-03-05 02:28:09.090430, 320, 240, 8.1440, 0.0043, -0.0064, 0.0069, 0.3040, -9.0712, 0.0000
2025-03-05 02:28:09.121994, 320, 240, 8.2570, 0.0021, -0.0059, 0.0000, 0.3040, -9.0712, 0.0000
2025-03-05 02:28:09.190233, 320, 240, 7.5730, -0.0016, -0.0069, 0.0016, 0.3040, -9.0908, 0.0000
2025-03-05 02:28:09.224126, 320, 240, 8.0340, 0.0016, -0.0069, 0.0000, 0.3040, -9.0712, 0.0098
2025-03-05 02:28:09.290350, 320, 240, 8.4330, 0.0021, -0.0021, -0.0021, 0.3040, -9.0712, 0.0098
2025-03-05 02:28:09.323741, 320, 240, 8.2570, 0.0011, -0.0053, 0.0000, 0.3040, -9.0712, 0.0098
2025-03-05 02:28:09.390230, 320, 240, 7.8740, -0.0021, -0.0032, 0.0032, 0.3040, -9.0908, 0.0098
2025-03-05 02:28:09.424151, 320, 240, 8.3730, 0.0000, -0.0059, 0.0011, 0.3040, -9.0908, 0.0098
2025-03-05 02:28:09.490334, 320, 240, 8.5540, 0.0016, -0.0053, 0.0048, 0.3040, -9.0908, 0.0098
2025-03-05 02:28:09.524216, 320, 240, 7.5250, 0.0032, -0.0080, 0.0053, 0.2844, -9.0712, 0.0000
2025-03-05 02:28:09.590636, 320, 240, 8.3730, -0.0027, -0.0080, 0.0016, 0.3040, -9.0908, 0.0000
2025-03-05 02:28:09.624355, 320, 240, 8.3150, 0.0021, -0.0107, 0.0016, 0.3040, -9.0712, 0.0000
2025-03-05 02:28:09.690429, 320, 240, 8.8070, 0.0000, -0.0069, 0.0021, 0.3040, -9.0908, 0.0098
2025-03-05 02:28:09.723751, 320, 240, 8.3150, -0.0005, -0.0037, 0.0021, 0.3040, -9.0712, 0.0098
2025-03-05 02:28:09.790684, 320, 240, 6.9530, 0.0005, -0.0080, 0.0000, 0.2844, -9.0712, 0.0098
2025-03-05 02:28:09.824172, 320, 240, 8.4930, 0.0000, -0.0053, 0.0016, 0.3040, -9.0908, 0.0098
2025-03-05 02:28:09.890225, 320, 240, 8.0880, -0.0021, -0.0069, 0.0032, 0.2844, -9.1104, 0.0098
2025-03-05 02:28:09.924048, 320, 240, 7.7210, -0.0005, -0.0123, 0.0032, 0.2844, -9.0712, 0.0000
2025-03-05 02:28:09.990574, 320, 240, 7.7210, -0.0016, -0.0053, -0.0011, 0.3040, -9.1104, 0.0000
2025-03-05 02:28:10.024193, 320, 240, 8.2000, 0.0011, -0.0069, 0.0016, 0.3040, -9.0908, 0.0000
2025-03-05 02:28:10.090289, 320, 240, 8.0340, 0.0027, -0.0080, -0.0005, 0.3040, -9.0712, 0.0098
2025-03-05 02:28:10.157149, 320, 240, 8.3730, 0.0011, -0.0048, 0.0005, 0.3040, -9.0712, 0.0000
2025-03-05 02:28:10.191084, 320, 240, 8.3730, -0.0048, -0.0112, 0.0021, 0.3040, -9.0712, 0.0000
2025-03-05 02:28:10.257321, 320, 240, 8.6790, 0.0005, -0.0085, -0.0011, 0.3040, -9.0908, 0.0294
2025-03-05 02:28:10.290288, 320, 240, 7.5250, 0.0048, -0.0091, 0.0011, 0.3040, -9.0712, 0.0098
2025-03-05 02:28:10.357400, 320, 240, 8.2570, 0.0021, -0.0048, -0.0005, 0.3040, -9.0712, 0.0098
2025-03-05 02:28:10.390958, 320, 240, 7.7210, 0.0000, -0.0059, 0.0032, 0.3040, -9.0908, 0.0098
2025-03-05 02:28:10.457419, 320, 240, 8.2000, -0.0053, -0.0075, 0.0048, 0.3040, -9.0908, 0.0000
2025-03-05 02:28:10.490968, 320, 240, 8.2000, -0.0005, -0.0048, -0.0011, 0.3040, -9.0908, 0.0098
2025-03-05 02:28:10.557956, 320, 240, 7.9270, 0.0011, -0.0085, 0.0016, 0.3040, -9.0712, 0.0098
2025-03-05 02:28:10.590907, 320, 240, 8.3730, 0.0005, -0.0048, 0.0005, 0.3040, -9.0908, 0.0098
2025-03-05 02:28:10.657431, 320, 240, 8.3150, -0.0021, -0.0112, -0.0011, 0.3040, -9.0908, 0.0098
2025-03-05 02:28:10.690991, 320, 240, 7.8220, 0.0011, -0.0075, 0.0011, 0.2844, -9.0908, 0.0098
2025-03-05 02:28:10.757625, 320, 240, 8.2570, 0.0027, -0.0043, 0.0021, 0.3040, -9.0908, 0.0000
2025-03-05 02:28:10.790971, 320, 240, 8.3730, 0.0011, -0.0091, 0.0011, 0.3040, -9.0712, 0.0098
2025-03-05 02:28:10.857650, 320, 240, 8.4330, 0.0027, -0.0080, -0.0021, 0.3040, -9.0908, 0.0000
2025-03-05 02:28:10.891104, 320, 240, 7.8220, 0.0027, -0.0069, 0.0027, 0.2844, -9.0712, 0.0098
2025-03-05 02:28:10.957825, 320, 240, 8.6790, 0.0016, -0.0059, 0.0037, 0.3040, -9.0712, 0.0000
2025-03-05 02:28:10.991100, 320, 240, 8.1440, -0.0011, -0.0080, 0.0016, 0.2844, -9.0908, 0.0000
2025-03-05 02:28:11.056369, 320, 240, 8.1440, 0.0016, -0.0091, 0.0021, 0.3040, -9.0908, 0.0000
2025-03-05 02:28:11.090319, 320, 240, 7.7210, 0.0005, -0.0138, -0.0005, 0.2844, -9.0712, 0.0098
2025-03-05 02:28:11.158470, 320, 240, 8.3730, -0.0011, -0.0085, 0.0016, 0.2844, -9.0712, 0.0098
2025-03-05 02:28:11.191541, 320, 240, 8.0340, -0.0016, -0.0075, 0.0005, 0.3040, -9.0712, 0.0098
2025-03-05 02:28:11.257931, 320, 240, 7.9270, -0.0005, -0.0069, 0.0059, 0.3040, -9.0712, 0.0098
2025-03-05 02:28:11.291628, 320, 240, 8.6160, 0.0016, -0.0096, 0.0011, 0.3040, -9.0908, 0.0098
2025-03-05 02:28:11.357889, 320, 240, 8.2000, 0.0011, -0.0043, 0.0048, 0.3040, -9.0712, 0.0294
2025-03-05 02:28:11.391555, 320, 240, 8.3730, -0.0005, -0.0059, 0.0037, 0.3040, -9.0908, 0.0000
2025-03-05 02:28:11.457663, 320, 240, 8.1440, 0.0000, -0.0048, 0.0048, 0.3040, -9.0908, 0.0000
2025-03-05 02:28:11.491545, 320, 240, 7.9270, 0.0021, -0.0080, 0.0037, 0.3040, -9.0712, 0.0098
2025-03-05 02:28:11.558480, 320, 240, 8.0880, -0.0005, -0.0064, 0.0021, 0.2844, -9.0712, 0.0098
2025-03-05 02:28:11.591557, 320, 240, 7.7210, 0.0011, -0.0069, 0.0027, 0.3040, -9.0712, 0.0098
2025-03-05 02:28:11.658051, 320, 240, 7.7210, 0.0016, -0.0053, 0.0016, 0.3040, -9.0712, 0.0098
2025-03-05 02:28:11.691600, 320, 240, 7.8220, 0.0000, -0.0085, 0.0000, 0.3040, -9.0712, 0.0098
2025-03-05 02:28:11.757971, 320, 240, 7.4780, -0.0053, -0.0107, 0.0021, 0.3040, -9.0908, 0.0098
2025-03-05 02:28:11.791626, 320, 240, 8.1440, 0.0016, -0.0080, 0.0043, 0.3040, -9.0908, 0.0098
2025-03-05 02:28:11.858358, 320, 240, 7.9270, -0.0021, -0.0080, 0.0000, 0.3040, -9.0712, 0.0000
2025-03-05 02:28:11.891563, 320, 240, 7.2500, 0.0016, -0.0048, 0.0016, 0.3040, -9.0908, 0.0098
2025-03-05 02:28:11.958642, 320, 240, 7.9270, -0.0021, -0.0117, -0.0011, 0.2844, -9.0712, 0.0098
2025-03-05 02:28:11.991775, 320, 240, 8.4330, -0.0027, -0.0112, 0.0011, 0.3040, -9.0712, 0.0000
2025-03-05 02:28:12.056782, 320, 240, 7.9800, 0.0011, -0.0107, 0.0037, 0.3040, -9.0712, 0.0000
2025-03-05 02:28:12.091064, 320, 240, 7.9800, -0.0016, -0.0064, -0.0005, 0.3040, -9.0908, 0.0098
2025-03-05 02:28:12.191759, 320, 240, 7.8220, -0.0043, -0.0043, -0.0011, 0.3040, -9.0908, 0.0098
2025-03-05 02:28:12.225395, 320, 240, 7.8220, 0.0021, 0.0000, 0.0032, 0.2844, -9.0908, 0.0098
2025-03-05 02:28:12.291699, 320, 240, 8.4330, -0.0032, -0.0133, 0.0032, 0.2844, -9.0908, 0.0000
2025-03-05 02:28:12.323262, 320, 240, 7.7210, 0.0005, -0.0080, 0.0048, 0.2844, -9.0712, -0.0098
2025-03-05 02:28:12.391599, 320, 240, 7.4780, -0.0005, -0.0117, 0.0027, 0.3040, -9.0712, 0.0098
2025-03-05 02:28:12.425524, 320, 240, 7.6710, 0.0027, -0.0091, 0.0000, 0.2844, -9.0908, 0.0098
2025-03-05 02:28:12.491565, 320, 240, 7.2500, 0.0021, -0.0069, 0.0016, 0.2844, -9.0908, 0.0098
2025-03-05 02:28:12.525571, 320, 240, 8.6160, 0.0005, -0.0069, 0.0000, 0.3040, -9.0712, 0.0000
2025-03-05 02:28:12.591752, 320, 240, 8.3730, -0.0032, -0.0096, 0.0059, 0.3040, -9.0712, 0.0098
2025-03-05 02:28:12.625605, 320, 240, 8.4930, 0.0000, -0.0064, 0.0037, 0.3040, -9.0712, -0.0098
2025-03-05 02:28:12.691734, 320, 240, 7.9270, 0.0005, -0.0075, 0.0043, 0.3040, -9.0908, 0.0098
2025-03-05 02:28:12.725572, 320, 240, 7.0770, -0.0011, -0.0085, -0.0032, 0.3040, -9.0908, 0.0000
2025-03-05 02:28:12.792885, 320, 240, 8.4330, -0.0027, -0.0096, 0.0027, 0.3040, -9.0908, 0.0098
2025-03-05 02:28:12.824929, 320, 240, 7.8740, 0.0005, -0.0069, 0.0059, 0.3040, -9.0712, 0.0098
2025-03-05 02:28:12.892495, 320, 240, 8.2000, 0.0016, -0.0096, 0.0021, 0.3040, -9.0908, 0.0098
2025-03-05 02:28:12.925510, 320, 240, 8.1440, 0.0000, -0.0069, 0.0037, 0.2844, -9.0712, 0.0000
2025-03-05 02:28:12.991032, 320, 240, 8.3150, 0.0005, -0.0043, 0.0064, 0.3040, -9.0908, 0.0098
2025-03-05 02:28:13.025503, 320, 240, 8.3730, -0.0027, -0.0075, 0.0032, 0.3040, -9.0712, 0.0000
2025-03-05 02:28:13.091607, 320, 240, 8.3730, 0.0021, -0.0043, -0.0011, 0.3040, -9.0712, 0.0098
2025-03-05 02:28:13.123588, 320, 240, 7.4780, -0.0032, -0.0091, 0.0016, 0.3040, -9.0908, 0.0098
2025-03-05 02:28:13.192028, 320, 240, 7.8220, -0.0027, -0.0064, 0.0005, 0.3040, -9.0712, 0.0000
2025-03-05 02:28:13.225532, 320, 240, 8.3150, 0.0000, -0.0064, -0.0032, 0.3040, -9.0908, 0.0000
2025-03-05 02:28:13.291487, 320, 240, 8.3730, 0.0016, -0.0075, -0.0016, 0.2844, -9.0712, 0.0000
2025-03-05 02:28:13.325345, 320, 240, 8.2570, 0.0016, -0.0027, 0.0005, 0.3040, -9.0908, 0.0000
2025-03-05 02:28:13.391873, 320, 240, 7.8740, -0.0005, -0.0064, 0.0021, 0.3040, -9.0908, 0.0000
2025-03-05 02:28:13.559002, 320, 240, 7.9270, 0.0011, -0.0064, 0.0032, 0.2844, -9.0712, 0.0098
2025-03-05 02:28:13.592277, 320, 240, 8.0340, -0.0011, -0.0085, -0.0016, 0.3040, -9.0908, 0.0000
2025-03-05 02:28:13.658816, 320, 240, 8.1440, 0.0011, -0.0059, 0.0016, 0.3040, -9.0712, 0.0000
2025-03-05 02:28:13.692529, 320, 240, 8.0340, 0.0027, -0.0085, 0.0011, 0.2844, -9.0908, 0.0098
2025-03-05 02:28:13.759203, 320, 240, 8.4930, 0.0000, -0.0064, -0.0021, 0.2844, -9.0712, 0.0098
2025-03-05 02:28:13.792336, 320, 240, 8.3730, -0.0027, -0.0069, 0.0032, 0.3040, -9.0908, 0.0000
2025-03-05 02:28:13.858831, 320, 240, 8.0340, -0.0011, -0.0043, 0.0048, 0.3040, -9.0908, 0.0000
2025-03-05 02:28:13.892482, 320, 240, 7.6710, 0.0011, -0.0037, 0.0016, 0.2844, -9.0908, 0.0294
2025-03-05 02:28:13.958827, 320, 240, 8.3150, 0.0000, -0.0080, 0.0011, 0.3040, -9.0712, 0.0098
2025-03-05 02:28:13.992816, 320, 240, 7.8740, 0.0011, -0.0112, 0.0021, 0.3040, -9.0712, 0.0000
2025-03-05 02:28:14.057224, 320, 240, 8.0880, -0.0011, -0.0091, 0.0053, 0.3040, -9.0908, 0.0000
2025-03-05 02:28:14.091783, 320, 240, 8.3150, 0.0011, -0.0080, -0.0011, 0.3040, -9.0908, 0.0098
2025-03-05 02:28:14.159109, 320, 240, 8.4330, 0.0027, -0.0069, 0.0027, 0.2844, -9.0712, 0.0098
2025-03-05 02:28:14.192779, 320, 240, 8.6790, 0.0000, -0.0064, 0.0037, 0.3040, -9.0712, 0.0098
2025-03-05 02:28:14.259304, 320, 240, 8.0340, -0.0016, -0.0064, 0.0043, 0.3040, -9.0712, 0.0000
2025-03-05 02:28:14.292851, 320, 240, 8.7430, 0.0021, -0.0080, 0.0027, 0.3040, -9.0712, 0.0098
2025-03-05 02:28:14.358413, 320, 240, 7.9800, 0.0011, -0.0107, 0.0005, 0.3040, -9.0712, 0.0098
2025-03-05 02:28:14.392411, 320, 240, 7.8220, -0.0005, -0.0075, 0.0005, 0.3040, -9.0712, 0.0000
2025-03-05 02:28:14.459083, 320, 240, 8.6790, 0.0000, -0.0101, 0.0043, 0.2844, -9.0908, 0.0098
2025-03-05 02:28:14.492560, 320, 240, 7.6710, -0.0027, -0.0080, 0.0000, 0.2844, -9.0908, 0.0000
2025-03-05 02:28:14.559327, 320, 240, 7.4780, -0.0005, -0.0053, 0.0032, 0.3040, -9.0712, 0.0000
2025-03-05 02:28:14.592784, 320, 240, 7.5250, 0.0005, -0.0075, 0.0016, 0.2844, -9.0908, 0.0098
2025-03-05 02:28:14.660017, 320, 240, 8.1440, -0.0005, -0.0075, 0.0011, 0.3040, -9.0712, 0.0098
2025-03-05 02:28:14.692860, 320, 240, 8.1440, 0.0043, -0.0075, 0.0011, 0.3040, -9.0908, 0.0098
2025-03-05 02:28:14.759024, 320, 240, 7.7210, 0.0016, -0.0053, 0.0037, 0.3040, -9.0908, 0.0098
2025-03-05 02:28:14.792886, 320, 240, 7.4780, -0.0027, -0.0085, 0.0043, 0.3040, -9.0908, 0.0098
2025-03-05 02:28:15.293295, 320, 240, 7.3850, -0.0027, -0.0053, 0.0011, 0.2844, -9.0712, 0.0294
2025-03-05 02:28:15.326597, 320, 240, 8.2000, -0.0027, -0.0069, 0.0027, 0.3040, -9.0908, 0.0000
2025-03-05 02:28:15.392742, 320, 240, 7.7210, -0.0048, -0.0085, 0.0000, 0.2844, -9.0908, 0.0098
2025-03-05 02:28:15.427005, 320, 240, 6.9940, 0.0000, -0.0085, -0.0016, 0.3040, -9.0908, 0.0000
2025-03-05 02:28:15.492965, 320, 240, 8.0340, 0.0043, -0.0101, 0.0027, 0.3040, -9.0712, 0.0098
2025-03-05 02:28:15.526582, 320, 240, 8.4330, -0.0011, -0.0091, -0.0005, 0.3040, -9.0712, 0.0000
2025-03-05 02:28:15.593225, 320, 240, 8.6790, 0.0000, -0.0069, 0.0005, 0.3040, -9.0908, 0.0000
2025-03-05 02:28:15.693150, 320, 240, 7.7210, 0.0000, -0.0011, 0.0000, 0.2844, -9.0908, 0.0098
2025-03-05 02:28:15.726557, 320, 240, 7.9270, 0.0000, -0.0059, 0.0075, 0.3040, -9.0908, 0.0000
2025-03-05 02:28:15.792882, 320, 240, 8.2000, 0.0027, -0.0059, 0.0032, 0.2844, -9.0908, 0.0098
2025-03-05 02:28:15.826390, 320, 240, 8.4930, -0.0048, -0.0075, 0.0032, 0.3040, -9.0712, 0.0098
2025-03-05 02:28:15.893187, 320, 240, 8.4330, -0.0005, -0.0064, 0.0021, 0.3040, -9.1104, 0.0098
2025-03-05 02:28:15.926487, 320, 240, 7.4780, 0.0005, -0.0059, 0.0000, 0.3040, -9.0908, 0.0098
2025-03-05 02:28:15.993464, 320, 240, 8.2570, 0.0011, -0.0080, 0.0027, 0.3040, -9.0712, 0.0098
2025-03-05 02:28:16.026539, 320, 240, 8.3150, 0.0021, -0.0053, 0.0000, 0.2844, -9.0908, 0.0098
2025-03-05 02:28:16.093744, 320, 240, 8.6790, 0.0016, -0.0075, 0.0016, 0.3040, -9.0908, 0.0000
2025-03-05 02:28:16.124864, 320, 240, 8.3730, -0.0016, -0.0032, 0.0000, 0.2844, -9.0908, 0.0098
2025-03-05 02:28:16.193323, 320, 240, 8.0340, 0.0000, -0.0117, 0.0075, 0.3040, -9.0908, 0.0098
2025-03-05 02:28:16.226823, 320, 240, 7.2060, -0.0005, -0.0096, -0.0011, 0.2844, -9.0712, 0.0098
2025-03-05 02:28:16.293280, 320, 240, 8.5540, 0.0016, -0.0048, 0.0053, 0.3040, -9.0908, 0.0098
2025-03-05 02:28:16.326894, 320, 240, 6.8330, 0.0011, -0.0075, 0.0075, 0.2844, -9.0712, 0.0098
2025-03-05 02:28:16.391916, 320, 240, 7.8220, 0.0011, -0.0064, 0.0005, 0.3040, -9.1104, 0.0098
2025-03-05 02:28:16.426906, 320, 240, 8.4330, -0.0021, -0.0059, 0.0064, 0.2844, -9.0908, 0.0000
2025-03-05 02:28:16.493860, 320, 240, 9.2170, 0.0005, -0.0075, 0.0016, 0.2844, -9.0908, 0.0000
2025-03-05 02:28:16.526961, 320, 240, 7.5730, -0.0016, -0.0069, 0.0037, 0.2844, -9.0712, 0.0098
2025-03-05 02:28:16.593713, 320, 240, 8.3730, -0.0021, -0.0101, 0.0059, 0.3040, -9.0712, 0.0098
2025-03-05 02:28:16.626997, 320, 240, 7.6710, -0.0032, -0.0043, 0.0011, 0.3040, -9.0908, 0.0098
2025-03-05 02:28:16.694002, 320, 240, 8.8070, 0.0000, -0.0032, 0.0016, 0.3040, -9.0712, 0.0098
2025-03-05 02:28:16.727025, 320, 240, 8.0880, -0.0016, -0.0064, 0.0032, 0.2844, -9.0712, 0.0000
2025-03-05 02:28:16.793972, 320, 240, 7.8220, -0.0016, -0.0048, 0.0027, 0.2844, -9.0908, 0.0098
2025-03-05 02:28:16.826891, 320, 240, 7.5250, -0.0027, -0.0075, 0.0011, 0.3040, -9.0712, 0.0000
2025-03-05 02:28:16.894237, 320, 240, 7.9800, 0.0037, -0.0037, 0.0021, 0.2844, -9.0712, 0.0000
2025-03-05 02:28:16.927077, 320, 240, 8.1440, 0.0021, -0.0059, 0.0016, 0.3040, -9.0712, 0.0098
2025-03-05 02:28:16.993792, 320, 240, 7.0350, 0.0000, -0.0112, 0.0021, 0.2844, -9.0712, 0.0000
2025-03-05 02:28:17.027127, 320, 240, 8.7430, -0.0027, -0.0101, 0.0032, 0.3040, -9.0712, 0.0000
2025-03-05 02:28:17.092220, 320, 240, 7.4780, 0.0000, -0.0053, 0.0016, 0.3040, -9.0712, 0.0098
2025-03-05 02:28:17.125509, 320, 240, 7.5730, -0.0032, -0.0053, 0.0016, 0.3040, -9.0712, 0.0098
2025-03-05 02:28:17.194166, 320, 240, 8.2570, 0.0011, -0.0096, 0.0064, 0.2844, -9.0712, 0.0098
2025-03-05 02:28:17.227175, 320, 240, 8.6160, 0.0005, -0.0069, 0.0021, 0.3040, -9.0908, 0.0000
2025-03-05 02:28:17.293815, 320, 240, 8.3150, -0.0016, -0.0037, 0.0037, 0.2844, -9.0712, 0.0000
2025-03-05 02:28:17.327526, 320, 240, 8.1440, 0.0043, 0.0000, 0.0032, 0.2844, -9.0712, 0.0098
2025-03-05 02:28:17.393634, 320, 240, 8.1440, 0.0032, -0.0027, 0.0021, 0.3040, -9.0712, 0.0000
2025-03-05 02:28:17.427225, 320, 240, 7.9270, -0.0027, -0.0133, 0.0021, 0.2844, -9.0908, 0.0098
2025-03-05 02:28:17.493819, 320, 240, 8.3730, 0.0011, -0.0069, 0.0011, 0.2844, -9.0908, 0.0098
2025-03-05 02:28:17.527398, 320, 240, 7.7210, -0.0011, -0.0059, 0.0037, 0.2844, -9.0908, 0.0000
2025-03-05 02:28:17.593755, 320, 240, 8.2570, 0.0021, -0.0091, 0.0016, 0.2844, -9.0908, 0.0000
2025-03-05 02:28:17.627553, 320, 240, 7.8220, -0.0021, -0.0048, 0.0021, 0.3236, -9.0712, 0.0098
2025-03-05 02:28:17.693721, 320, 240, 8.4330, -0.0005, -0.0128, 0.0011, 0.3040, -9.0712, 0.0000
2025-03-05 02:28:17.727656, 320, 240, 9.2170, 0.0043, -0.0080, -0.0021, 0.3040, -9.0712, 0.0000
2025-03-05 02:28:17.794152, 320, 240, 7.5730, 0.0005, -0.0107, 0.0005, 0.3040, -9.0712, 0.0000
2025-03-05 02:28:17.827378, 320, 240, 8.3150, -0.0032, -0.0101, 0.0005, 0.3040, -9.0712, 0.0294
2025-03-05 02:28:17.893228, 320, 240, 8.0340, 0.0005, -0.0064, -0.0005, 0.3040, -9.0908, 0.0098
2025-03-05 02:28:17.927515, 320, 240, 8.1440, -0.0016, -0.0128, 0.0027, 0.3040, -9.0712, 0.0098
2025-03-05 02:28:17.994637, 320, 240, 6.9530, -0.0011, -0.0059, 0.0011, 0.3040, -9.0712, 0.0098
2025-03-05 02:28:18.028139, 320, 240, 8.1440, 0.0005, -0.0075, -0.0005, 0.3040, -9.0712, 0.0000
2025-03-05 02:28:18.092882, 320, 240, 8.4930, 0.0021, -0.0064, 0.0021, 0.3040, -9.0712, 0.0098
2025-03-05 02:28:18.125603, 320, 240, 8.2570, -0.0005, -0.0085, 0.0037, 0.2844, -9.0712, 0.0294
2025-03-05 02:28:18.194335, 320, 240, 7.5730, 0.0027, -0.0085, 0.0000, 0.2844, -9.0712, 0.0000
2025-03-05 02:28:18.360642, 320, 240, 8.3730, 0.0021, -0.0027, 0.0027, 0.3040, -9.0908, 0.0000
2025-03-05 02:28:18.394295, 320, 240, 8.4930, 0.0032, -0.0069, 0.0037, 0.3040, -9.0908, 0.0000
2025-03-05 02:28:18.461660, 320, 240, 7.9270, 0.0016, -0.0032, 0.0016, 0.3040, -9.0712, 0.0000
2025-03-05 02:28:18.493205, 320, 240, 7.5730, 0.0037, -0.0107, -0.0016, 0.3040, -9.0908, 0.0294
2025-03-05 02:28:18.561577, 320, 240, 8.3730, -0.0032, -0.0043, -0.0005, 0.3236, -9.0908, 0.0000
2025-03-05 02:28:18.594957, 320, 240, 7.9270, 0.0005, -0.0059, 0.0027, 0.3040, -9.0712, 0.0098
2025-03-05 02:28:18.661172, 320, 240, 7.8220, 0.0000, -0.0069, 0.0027, 0.3040, -9.0908, 0.0098
2025-03-05 02:28:18.694881, 320, 240, 8.3730, 0.0016, -0.0091, 0.0037, 0.2844, -9.0908, 0.0000
2025-03-05 02:28:18.761045, 320, 240, 8.6160, 0.0027, -0.0107, 0.0005, 0.3040, -9.0908, 0.0098
2025-03-05 02:28:18.794669, 320, 240, 7.7210, 0.0005, -0.0091, 0.0043, 0.3040, -9.0712, 0.0098
2025-03-05 02:28:18.861073, 320, 240, 7.7210, 0.0032, -0.0059, 0.0059, 0.3040, -9.0908, 0.0000
2025-03-05 02:28:18.894557, 320, 240, 7.8740, -0.0027, -0.0080, 0.0032, 0.2844, -9.0712, 0.0098
2025-03-05 02:28:18.961340, 320, 240, 8.2570, -0.0016, -0.0080, 0.0037, 0.3040, -9.0908, 0.0098
2025-03-05 02:28:18.994647, 320, 240, 7.3850, -0.0005, -0.0075, 0.0053, 0.2844, -9.0712, 0.0000
2025-03-05 02:28:19.060214, 320, 240, 8.5540, 0.0005, -0.0107, 0.0016, 0.3040, -9.0908, 0.0000
2025-03-05 02:28:19.093092, 320, 240, 8.2570, 0.0021, -0.0053, 0.0021, 0.3040, -9.0908, 0.0098
2025-03-05 02:28:19.161397, 320, 240, 8.2570, -0.0021, -0.0069, 0.0027, 0.2844, -9.0712, 0.0098
2025-03-05 02:28:19.194807, 320, 240, 7.3390, 0.0021, -0.0091, 0.0027, 0.2844, -9.0712, 0.0294
2025-03-05 02:28:19.260919, 320, 240, 8.0340, 0.0000, -0.0069, -0.0027, 0.3040, -9.0908, 0.0098
2025-03-05 02:28:19.294922, 320, 240, 8.1440, -0.0027, -0.0085, 0.0053, 0.3040, -9.0712, 0.0098
2025-03-05 02:28:19.361181, 320, 240, 8.6790, 0.0000, -0.0101, 0.0053, 0.2844, -9.0712, 0.0098
2025-03-05 02:28:19.394882, 320, 240, 8.0340, -0.0011, -0.0091, 0.0043, 0.3040, -9.0712, 0.0098
2025-03-05 02:28:19.461505, 320, 240, 8.1440, -0.0021, -0.0037, -0.0016, 0.3040, -9.0908, 0.0000
2025-03-05 02:28:19.494810, 320, 240, 7.5730, -0.0032, -0.0080, 0.0064, 0.3040, -9.0712, 0.0098
2025-03-05 02:28:19.561479, 320, 240, 8.2000, -0.0027, -0.0053, 0.0021, 0.3040, -9.0712, 0.0098
2025-03-05 02:28:19.594902, 320, 240, 8.0340, 0.0027, -0.0043, 0.0027, 0.3040, -9.0908, 0.0098
2025-03-05 02:28:19.661739, 320, 240, 7.8740, 0.0005, -0.0069, 0.0021, 0.2844, -9.0712, 0.0098
2025-03-05 02:28:19.694919, 320, 240, 7.8220, -0.0027, -0.0091, 0.0005, 0.3040, -9.0712, 0.0098
2025-03-05 02:28:19.761613, 320, 240, 8.3730, 0.0000, -0.0043, 0.0032, 0.2844, -9.0908, 0.0098
2025-03-05 02:28:19.795018, 320, 240, 7.8740, 0.0000, -0.0043, 0.0021, 0.3040, -9.0908, 0.0000
2025-03-05 02:28:19.861459, 320, 240, 8.3730, 0.0005, -0.0032, -0.0037, 0.3040, -9.0712, 0.0000
2025-03-05 02:28:19.894967, 320, 240, 8.3150, -0.0011, -0.0059, 0.0032, 0.3040, -9.0908, 0.0098
2025-03-05 02:28:19.961571, 320, 240, 8.4930, -0.0005, -0.0059, 0.0069, 0.3040, -9.0712, 0.0098
2025-03-05 02:28:19.995192, 320, 240, 8.0340, -0.0005, -0.0043, 0.0000, 0.2844, -9.0712, 0.0098
2025-03-05 02:28:20.060828, 320, 240, 8.0880, 0.0021, -0.0080, 0.0027, 0.3040, -9.0712, 0.0000
2025-03-05 02:28:20.094293, 320, 240, 8.2000, -0.0005, -0.0064, 0.0021, 0.3040, -9.0712, 0.0000
2025-03-05 02:28:20.161612, 320, 240, 7.8220, -0.0032, -0.0117, -0.0016, 0.2844, -9.0908, 0.0098
2025-03-05 02:28:20.195090, 320, 240, 7.8740, 0.0005, -0.0027, 0.0027, 0.2844, -9.0712, 0.0098
2025-03-05 02:28:20.261938, 320, 240, 7.9800, -0.0043, -0.0053, 0.0043, 0.2844, -9.0515, 0.0000
2025-03-05 02:28:20.295176, 320, 240, 8.0340, 0.0005, -0.0011, 0.0064, 0.3040, -9.0712, 0.0098
2025-03-05 02:28:20.361438, 320, 240, 8.2000, 0.0011, -0.0069, 0.0043, 0.3040, -9.0712, 0.0000
2025-03-05 02:28:20.395165, 320, 240, 8.2000, 0.0021, -0.0085, 0.0037, 0.2844, -9.0908, 0.0000
2025-03-05 02:28:20.460446, 320, 240, 8.1440, -0.0005, -0.0059, -0.0011, 0.3040, -9.0712, 0.0000
2025-03-05 02:28:20.495020, 320, 240, 7.9800, 0.0037, -0.0027, 0.0005, 0.3040, -9.0712, 0.0294
2025-03-05 02:28:20.562141, 320, 240, 7.9270, 0.0005, -0.0080, 0.0021, 0.3040, -9.0908, 0.0294
2025-03-05 02:28:20.593442, 320, 240, 8.1440, 0.0037, -0.0069, 0.0037, 0.3040, -9.0712, 0.0098
2025-03-05 02:28:20.662030, 320, 240, 7.9270, 0.0016, -0.0059, 0.0005, 0.3040, -9.0712, 0.0098
2025-03-05 02:28:20.695378, 320, 240, 8.2000, -0.0064, -0.0080, 0.0021, 0.3040, -9.0712, 0.0098
2025-03-05 02:28:20.762024, 320, 240, 8.2000, -0.0005, -0.0101, 0.0016, 0.2844, -9.0908, 0.0000
2025-03-05 02:28:20.795582, 320, 240, 9.5120, 0.0000, -0.0075, 0.0021, 0.3040, -9.0908, 0.0098
2025-03-05 02:28:20.862114, 320, 240, 7.2060, 0.0021, -0.0059, 0.0011, 0.2844, -9.0712, 0.0098
2025-03-05 02:28:20.895409, 320, 240, 8.4330, -0.0011, -0.0096, 0.0043, 0.3040, -9.0908, 0.0000
2025-03-05 02:28:20.962031, 320, 240, 7.2060, -0.0005, -0.0053, -0.0016, 0.2844, -9.0908, 0.0098
2025-03-05 02:28:20.995456, 320, 240, 7.4780, 0.0027, -0.0091, 0.0032, 0.2844, -9.0908, 0.0000
2025-03-05 02:28:21.061127, 320, 240, 8.0340, -0.0016, -0.0101, 0.0043, 0.3040, -9.0908, 0.0098
2025-03-05 02:28:21.094363, 320, 240, 7.8740, -0.0021, -0.0107, 0.0021, 0.2844, -9.0908, 0.0098
2025-03-05 02:28:21.161906, 320, 240, 7.5730, 0.0016, -0.0085, 0.0021, 0.3040, -9.0712, 0.0000
2025-03-05 02:28:21.195555, 320, 240, 8.1440, 0.0037, -0.0064, 0.0011, 0.2844, -9.0908, 0.0098
2025-03-05 02:28:21.262359, 320, 240, 7.8220, 0.0005, -0.0091, 0.0016, 0.2844, -9.0908, 0.0000
2025-03-05 02:28:21.296105, 320, 240, 7.9270, -0.0016, -0.0080, 0.0011, 0.3040, -9.0908, 0.0098
2025-03-05 02:28:21.361781, 320, 240, 8.4930, 0.0053, -0.0091, -0.0005, 0.3040, -9.0712, 0.0098
2025-03-05 02:28:21.395831, 320, 240, 8.7430, 0.0000, -0.0027, 0.0005, 0.3040, -9.0908, 0.0098
2025-03-05 02:28:21.462130, 320, 240, 8.0880, 0.0011, -0.0080, 0.0016, 0.2844, -9.0908, 0.0000
2025-03-05 02:28:21.528967, 320, 240, 7.5250, 0.0021, -0.0037, 0.0059, 0.3040, -9.0712, 0.0098
2025-03-05 02:28:21.562983, 320, 240, 7.5730, -0.0043, -0.0080, 0.0021, 0.3040, -9.0908, 0.0000
2025-03-05 02:28:21.628829, 320, 240, 7.9270, -0.0011, -0.0075, -0.0005, 0.2648, -9.0712, 0.0098
2025-03-05 02:28:21.662505, 320, 240, 8.0880, 0.0021, -0.0037, 0.0043, 0.2844, -9.0712, 0.0098
2025-03-05 02:28:21.729082, 320, 240, 8.9400, 0.0016, -0.0101, 0.0043, 0.2844, -9.0712, 0.0098
2025-03-05 02:28:21.762462, 320, 240, 8.0880, -0.0011, -0.0107, 0.0016, 0.2844, -9.0712, 0.0098
2025-03-05 02:28:21.829307, 320, 240, 8.0340, 0.0021, -0.0064, 0.0000, 0.2844, -9.0908, 0.0000
2025-03-05 02:28:21.862603, 320, 240, 8.0880, 0.0021, -0.0053, 0.0000, 0.3040, -9.0712, 0.0000
2025-03-05 02:28:21.929466, 320, 240, 8.2000, 0.0000, -0.0032, 0.0011, 0.3040, -9.0712, 0.0000
2025-03-05 02:28:21.962624, 320, 240, 8.3730, 0.0021, -0.0053, -0.0005, 0.3040, -9.0712, 0.0098
2025-03-05 02:28:22.029517, 320, 240, 8.3150, -0.0005, -0.0043, 0.0037, 0.3040, -9.0908, 0.0000
2025-03-05 02:28:22.061687, 320, 240, 8.2570, 0.0016, -0.0043, 0.0043, 0.3040, -9.0712, 0.0098
2025-03-05 02:28:22.127739, 320, 240, 8.0340, -0.0011, -0.0096, 0.0064, 0.3040, -9.0712, 0.0098
2025-03-05 02:28:22.162497, 320, 240, 7.5730, -0.0027, -0.0037, 0.0064, 0.2844, -9.0908, 0.0000
2025-03-05 02:28:22.229039, 320, 240, 7.8220, -0.0032, -0.0064, 0.0032, 0.2844, -9.0908, 0.0000
2025-03-05 02:28:22.262640, 320, 240, 7.8740, 0.0005, -0.0043, 0.0005, 0.3040, -9.0908, 0.0294
2025-03-05 02:28:22.329322, 320, 240, 8.1440, 0.0000, -0.0080, 0.0037, 0.2844, -9.0712, 0.0000
2025-03-05 02:28:22.362633, 320, 240, 8.2000, 0.0000, -0.0043, 0.0005, 0.2844, -9.0712, 0.0098
2025-03-05 02:28:22.429341, 320, 240, 7.0350, 0.0000, -0.0085, 0.0016, 0.2844, -9.1104, 0.0098
2025-03-05 02:28:22.462663, 320, 240, 8.2000, 0.0011, -0.0091, 0.0032, 0.3040, -9.0712, 0.0098
2025-03-05 02:28:22.529430, 320, 240, 8.2570, -0.0011, -0.0080, 0.0032, 0.3040, -9.0908, 0.0098
2025-03-05 02:28:22.562724, 320, 240, 8.2570, 0.0016, -0.0064, 0.0000, 0.3040, -9.0908, 0.0098
2025-03-05 02:28:22.629139, 320, 240, 8.1440, -0.0032, -0.0080, 0.0005, 0.3040, -9.0712, 0.0098
2025-03-05 02:28:22.662900, 320, 240, 7.6710, 0.0027, -0.0043, 0.0043, 0.3040, -9.0712, 0.0000
2025-03-05 02:28:22.795238, 320, 240, 8.7430, -0.0027, -0.0075, 0.0000, 0.2844, -9.0712, 0.0000
2025-03-05 02:28:22.828499, 320, 240, 7.3850, 0.0011, -0.0075, 0.0037, 0.2844, -9.0712, 0.0000
2025-03-05 02:28:22.894826, 320, 240, 7.5730, -0.0005, -0.0085, 0.0032, 0.2844, -9.0908, 0.0000
2025-03-05 02:28:22.929725, 320, 240, 8.2000, 0.0011, -0.0080, 0.0021, 0.3040, -9.0712, 0.0098
2025-03-05 02:28:22.995862, 320, 240, 8.2000, 0.0000, -0.0059, 0.0032, 0.3040, -9.0712, -0.0098
2025-03-05 02:28:23.029679, 320, 240, 8.2000, 0.0000, -0.0085, 0.0027, 0.3040, -9.0908, 0.0098
2025-03-05 02:28:23.095068, 320, 240, 8.2000, -0.0005, -0.0075, -0.0027, 0.3040, -9.0712, 0.0098
2025-03-05 02:28:23.127797, 320, 240, 7.3390, -0.0016, -0.0075, 0.0032, 0.3040, -9.0908, 0.0294
2025-03-05 02:28:23.196476, 320, 240, 7.5730, 0.0011, -0.0016, -0.0016, 0.2844, -9.0908, 0.0000
2025-03-05 02:28:23.229615, 320, 240, 8.2000, 0.0011, -0.0059, 0.0043, 0.3040, -9.0712, 0.0098
2025-03-05 02:28:23.296911, 320, 240, 8.4330, 0.0011, -0.0048, 0.0027, 0.2844, -9.0908, 0.0098
2025-03-05 02:28:23.328438, 320, 240, 8.2000, -0.0021, -0.0053, 0.0048, 0.3040, -9.0908, 0.0000
2025-03-05 02:28:23.396647, 320, 240, 7.2500, -0.0032, -0.0096, 0.0011, 0.3040, -9.0908, 0.0098
2025-03-05 02:28:23.429742, 320, 240, 7.3850, 0.0000, -0.0075, 0.0011, 0.2844, -9.0908, 0.0098
2025-03-05 02:28:23.496407, 320, 240, 8.4330, -0.0043, -0.0064, 0.0043, 0.3040, -9.0908, 0.0098
2025-03-05 02:28:23.529656, 320, 240, 7.2500, -0.0016, -0.0069, 0.0000, 0.3040, -9.0908, 0.0098
2025-03-05 02:28:23.596769, 320, 240, 8.4330, 0.0021, -0.0091, 0.0000, 0.3040, -9.0712, 0.0000
2025-03-05 02:28:23.630356, 320, 240, 8.1440, 0.0021, -0.0069, 0.0005, 0.2844, -9.0908, -0.0098
2025-03-05 02:28:23.696427, 320, 240, 7.3850, 0.0000, -0.0101, 0.0016, 0.3040, -9.0712, 0.0098
2025-03-05 02:28:23.729707, 320, 240, 7.2500, -0.0016, -0.0112, 0.0032, 0.3040, -9.0712, 0.0000
2025-03-05 02:28:23.796723, 320, 240, 8.2000, -0.0016, -0.0091, 0.0043, 0.3040, -9.0712, 0.0000
2025-03-05 02:28:23.829808, 320, 240, 8.0880, 0.0037, -0.0059, 0.0016, 0.2844, -9.0908, 0.0000
2025-03-05 02:28:23.896681, 320, 240, 8.1440, -0.0011, -0.0075, 0.0037, 0.2844, -9.0908, 0.0294
2025-03-05 02:28:23.963068, 320, 240, 7.0350, -0.0043, -0.0032, 0.0016, 0.2844, -9.0908, 0.0000
2025-03-05 02:28:23.996754, 320, 240, 8.4930, -0.0027, -0.0091, 0.0011, 0.3040, -9.0712, 0.0000
2025-03-05 02:28:24.062553, 320, 240, 9.0080, -0.0005, -0.0043, 0.0037, 0.3040, -9.0908, 0.0000
2025-03-05 02:28:24.095154, 320, 240, 8.0880, -0.0037, -0.0112, 0.0053, 0.3040, -9.0908, 0.0098
2025-03-05 02:28:24.163216, 320, 240, 8.8070, 0.0021, -0.0069, 0.0043, 0.3040, -9.0908, 0.0000
2025-03-05 02:28:24.196904, 320, 240, 8.0340, 0.0011, -0.0032, 0.0000, 0.2844, -9.0712, 0.0098
2025-03-05 02:28:24.263480, 320, 240, 7.8740, -0.0021, -0.0069, 0.0005, 0.3040, -9.0908, 0.0098
2025-03-05 02:28:24.296723, 320, 240, 8.2570, 0.0027, -0.0123, 0.0016, 0.3040, -9.0908, 0.0000
2025-03-05 02:28:24.363619, 320, 240, 8.5540, -0.0011, -0.0069, 0.0032, 0.2844, -9.0712, 0.0098
2025-03-05 02:28:24.396585, 320, 240, 8.2000, 0.0000, -0.0096, 0.0011, 0.2844, -9.0908, 0.0000
2025-03-05 02:28:24.463884, 320, 240, 7.9270, -0.0016, -0.0069, 0.0011, 0.3040, -9.0908, 0.0000
2025-03-05 02:28:24.497584, 320, 240, 8.6160, -0.0021, -0.0075, 0.0032, 0.2844, -9.0712, 0.0098
2025-03-05 02:28:24.564081, 320, 240, 7.2500, 0.0032, -0.0043, 0.0032, 0.3040, -9.0515, 0.0000
2025-03-05 02:28:24.597498, 320, 240, 8.2570, -0.0011, -0.0085, 0.0053, 0.3040, -9.0908, 0.0098
2025-03-05 02:28:24.663464, 320, 240, 7.5250, 0.0016, -0.0080, 0.0043, 0.3040, -9.0712, 0.0294
2025-03-05 02:28:24.696884, 320, 240, 8.1440, 0.0037, -0.0053, -0.0011, 0.2844, -9.0908, 0.0098
2025-03-05 02:28:24.763673, 320, 240, 8.2000, 0.0016, -0.0043, 0.0021, 0.3040, -9.0712, 0.0098
2025-03-05 02:28:24.797123, 320, 240, 7.3390, -0.0011, -0.0059, 0.0027, 0.3040, -9.0908, 0.0000
2025-03-05 02:28:24.863767, 320, 240, 8.1440, 0.0011, -0.0080, 0.0011, 0.3040, -9.0908, 0.0000
2025-03-05 02:28:24.897149, 320, 240, 7.0350, 0.0016, -0.0069, 0.0032, 0.3040, -9.0712, 0.0098
2025-03-05 02:28:24.963149, 320, 240, 8.2570, -0.0011, -0.0053, 0.0043, 0.2844, -9.0908, 0.0098
2025-03-05 02:28:24.997090, 320, 240, 7.6710, -0.0016, -0.0080, 0.0016, 0.3040, -9.0712, 0.0098
2025-03-05 02:28:25.063170, 320, 240, 8.2000, -0.0021, -0.0037, 0.0053, 0.3040, -9.0712, 0.0000
2025-03-05 02:28:25.095491, 320, 240, 8.2570, -0.0021, -0.0107, 0.0000, 0.3040, -9.0712, 0.0294
2025-03-05 02:28:25.164048, 320, 240, 7.8220, -0.0011, -0.0128, 0.0048, 0.3040, -9.0908, 0.0294
2025-03-05 02:28:25.197168, 320, 240, 8.0340, -0.0032, -0.0075, 0.0000, 0.2844, -9.0908, 0.0098
2025-03-05 02:28:25.497851, 320, 240, 8.2000, 0.0027, -0.0075, 0.0016, 0.3040, -9.0712, 0.0098
2025-03-05 02:28:25.630075, 320, 240, 7.8740, -0.0021, -0.0091, 0.0021, 0.3040, -9.0908, 0.0098
2025-03-05 02:28:25.664253, 320, 240, 7.7210, 0.0000, -0.0021, -0.0005, 0.3040, -9.0908, 0.0098
2025-03-05 02:28:25.730975, 320, 240, 7.3390, -0.0011, -0.0101, 0.0032, 0.3040, -9.0712, 0.0098
