2025-03-07 02:04:32.418335,320,240,20,20,3.747430177993374,-0.0021293016616255045,-0.0026616270188242197,0.003728023264557123,0.26477953791618347,-9.188830375671387,0.10787314921617508
2025-03-07 02:04:32.475795,320,240,20,20,8.505322903981142,-0.0010646508308127522,-0.0010646508308127522,0.004260348621755838,0.26477953791618347,-9.188830375671387,0.08825984597206116
2025-03-07 02:04:32.525115,320,240,20,20,8.505322903981142,0.0015969761880114675,-0.010119418613612652,0.0010646508308127522,0.2843928337097168,-9.188830375671387,0.10787314921617508
2025-03-07 02:04:32.571263,320,240,20,20,8.505322903981142,-0.003728023264557123,-0.005859069991856813,0.004260348621755838,0.2843928337097168,-9.188830375671387,0.08825984597206116
2025-03-07 02:04:32.616474,320,240,20,20,8.505322903981142,0.0005323254154063761,-0.007456046529114246,0.0021293016616255045,0.2843928337097168,-9.169217109680176,0.08825984597206116
2025-03-07 02:04:32.666236,320,240,20,20,8.505322903981142,-0.0021293016616255045,-0.007456046529114246,-0.0031956976745277643,0.26477953791618347,-9.188830375671387,0.127486452460289
2025-03-07 02:04:32.711534,320,240,20,20,8.505322903981142,0.0,-0.008520697243511677,0.0026616270188242197,0.26477953791618347,-9.188830375671387,0.10787314921617508
2025-03-07 02:04:32.752877,320,240,20,20,8.505322903981142,-0.0031956976745277643,-0.005859069991856813,0.0021293016616255045,0.26477953791618347,-9.188830375671387,0.10787314921617508
2025-03-07 02:04:32.794720,320,240,20,20,8.505322903981142,-0.0026616270188242197,-0.006391395349055529,0.0021293016616255045,0.26477953791618347,-9.188830375671387,0.10787314921617508
2025-03-07 02:04:32.835686,320,240,20,20,8.505322903981142,-0.0021293016616255045,-0.004792673978954554,0.0010646508308127522,0.2843928337097168,-9.188830375671387,0.08825984597206116
2025-03-07 02:04:32.875795,320,240,20,20,8.505322903981142,0.0031956976745277643,-0.005859069991856813,0.004792673978954554,0.26477953791618347,-9.188830375671387,0.08825984597206116
2025-03-07 02:04:32.918077,320,240,20,20,8.505322903981142,-0.0021293016616255045,-0.003728023264557123,0.0015969761880114675,0.2843928337097168,-9.169217109680176,0.127486452460289
2025-03-07 02:04:32.963906,320,240,20,20,8.505322903981142,-0.0026616270188242197,-0.007988371886312962,0.0005323254154063761,0.2843928337097168,-9.188830375671387,0.10787314921617508
2025-03-07 02:04:33.000713,320,240,20,20,8.505322903981142,0.0,-0.0021293016616255045,-0.0015969761880114675,0.26477953791618347,-9.169217109680176,0.08825984597206116
2025-03-07 02:04:33.032811,320,240,20,20,8.505322903981142,-0.0026616270188242197,-0.008520697243511677,0.0015969761880114675,0.26477953791618347,-9.169217109680176,0.10787314921617508
2025-03-07 02:04:33.063486,320,240,20,20,8.505322903981142,-0.0010646508308127522,-0.006923720706254244,-0.0021293016616255045,0.2843928337097168,-9.188830375671387,0.127486452460289
2025-03-07 02:04:33.096481,320,240,20,20,8.505322903981142,0.0010646508308127522,-0.005324999336153269,0.0026616270188242197,0.2843928337097168,-9.188830375671387,0.127486452460289
2025-03-07 02:04:33.131345,320,240,20,20,8.505322903981142,-0.0015969761880114675,-0.005324999336153269,0.006923720706254244,0.2843928337097168,-9.188830375671387,0.10787314921617508
2025-03-07 02:04:33.166172,320,240,20,20,8.505322903981142,-0.0010646508308127522,-0.0026616270188242197,0.004792673978954554,0.2843928337097168,-9.188830375671387,0.10787314921617508
2025-03-07 02:04:33.196385,320,240,20,20,8.505322903981142,0.0010646508308127522,-0.0031956976745277643,0.0,0.2843928337097168,-9.188830375671387,0.08825984597206116
2025-03-07 02:04:33.233908,320,240,20,20,8.505322903981142,-0.0015969761880114675,-0.005324999336153269,0.0010646508308127522,0.2843928337097168,-9.169217109680176,0.10787314921617508
2025-03-07 02:04:33.266370,320,240,20,20,8.505322903981142,0.0005323254154063761,-0.003728023264557123,-0.003728023264557123,0.2843928337097168,-9.188830375671387,0.10787314921617508
2025-03-07 02:04:33.297233,320,240,20,20,8.505322903981142,-0.0026616270188242197,-0.011184069328010082,0.003728023264557123,0.26477953791618347,-9.169217109680176,0.10787314921617508
2025-03-07 02:04:33.329664,320,240,20,20,8.505322903981142,-0.0015969761880114675,-0.004260348621755838,0.0021293016616255045,0.2843928337097168,-9.188830375671387,0.127486452460289
2025-03-07 02:04:33.366893,320,240,20,20,8.505322903981142,-0.004260348621755838,-0.007988371886312962,0.0026616270188242197,0.2843928337097168,-9.169217109680176,0.10787314921617508
2025-03-07 02:04:33.397923,320,240,20,20,8.505322903981142,0.0010646508308127522,-0.007456046529114246,0.0021293016616255045,0.26477953791618347,-9.169217109680176,0.10787314921617508
2025-03-07 02:04:33.439127,320,240,20,20,8.505322903981142,0.0005323254154063761,-0.007456046529114246,0.0026616270188242197,0.2843928337097168,-9.188830375671387,0.10787314921617508
2025-03-07 02:04:33.481619,320,240,20,20,8.505322903981142,-0.0026616270188242197,-0.007456046529114246,0.0021293016616255045,0.2843928337097168,-9.188830375671387,0.10787314921617508
2025-03-07 02:04:33.519436,320,240,20,20,8.505322903981142,-0.0031956976745277643,-0.005859069991856813,0.005324999336153269,0.26477953791618347,-9.169217109680176,0.10787314921617508
2025-03-07 02:04:33.564141,320,240,20,20,8.505322903981142,-0.0015969761880114675,-0.004260348621755838,-0.0010646508308127522,0.26477953791618347,-9.188830375671387,0.127486452460289
2025-03-07 02:04:33.624427,320,240,20,20,8.596472908310535,0.0010646508308127522,-0.006923720706254244,0.0010646508308127522,0.26477953791618347,-9.188830375671387,0.10787314921617508
2025-03-07 02:04:33.675761,320,240,20,20,8.621000409475528,-0.0021293016616255045,-0.005859069991856813,0.0015969761880114675,0.26477953791618347,-9.188830375671387,0.08825984597206116
2025-03-07 02:04:33.735593,320,240,20,20,8.53782040552469,0.0005323254154063761,0.0,0.0026616270188242197,0.26477953791618347,-9.188830375671387,0.10787314921617508
2025-03-07 02:04:33.786498,320,240,20,20,8.557132906441984,-0.0015969761880114675,-0.005859069991856813,0.0031956976745277643,0.26477953791618347,-9.169217109680176,0.08825984597206116
2025-03-07 02:04:33.820061,320,240,20,20,8.559650406561559,-0.0021293016616255045,-0.004260348621755838,0.0005323254154063761,0.2843928337097168,-9.188830375671387,0.10787314921617508
2025-03-07 02:04:33.850747,320,240,20,20,8.57459290727129,0.0010646508308127522,-0.005324999336153269,0.004792673978954554,0.2843928337097168,-9.188830375671387,0.08825984597206116
2025-03-07 02:04:33.880428,320,240,20,20,8.529400405124761,-0.0015969761880114675,-0.005324999336153269,0.0021293016616255045,0.26477953791618347,-9.188830375671387,0.10787314921617508
2025-03-07 02:04:33.910368,320,240,20,20,8.544092905822618,0.0,-0.005859069991856813,0.0031956976745277643,0.2843928337097168,-9.188830375671387,0.10787314921617508
2025-03-07 02:04:33.940191,320,240,20,20,8.600392908496724,-0.0005323254154063761,-0.0021293016616255045,0.0026616270188242197,0.26477953791618347,-9.188830375671387,0.08825984597206116
2025-03-07 02:04:33.970365,320,240,20,20,8.567792906948307,-0.0005323254154063761,-0.009587093256413937,0.004792673978954554,0.26477953791618347,-9.169217109680176,0.08825984597206116
2025-03-07 02:04:34.006867,320,240,20,20,8.616570409265114,-0.0005323254154063761,-0.005324999336153269,0.0,0.2843928337097168,-9.188830375671387,0.08825984597206116
2025-03-07 02:04:34.069584,320,240,20,20,8.597667908367294,-0.0021293016616255045,-0.008520697243511677,0.003728023264557123,0.26477953791618347,-9.169217109680176,0.08825984597206116
2025-03-07 02:04:34.128746,320,240,20,20,8.655075411094003,0.0005323254154063761,-0.0031956976745277643,0.0021293016616255045,0.2843928337097168,-9.188830375671387,0.127486452460289
2025-03-07 02:04:34.193563,320,240,20,20,8.6051379087221,-0.004260348621755838,-0.009054767899215221,0.005324999336153269,0.26477953791618347,-9.188830375671387,0.10787314921617508
2025-03-07 02:04:34.251366,320,240,20,20,8.662887911465077,-0.0021293016616255045,-0.0010646508308127522,0.0021293016616255045,0.2843928337097168,-9.188830375671387,0.10787314921617508
2025-03-07 02:04:34.308808,320,240,20,20,8.447682901243388,-0.0021293016616255045,-0.006391395349055529,0.003728023264557123,0.2843928337097168,-9.188830375671387,0.10787314921617508
2025-03-07 02:04:34.347505,320,240,20,20,8.600810408516555,-0.0021293016616255045,-0.005859069991856813,0.003728023264557123,0.2843928337097168,-9.188830375671387,0.08825984597206116
2025-03-07 02:04:34.391549,320,240,20,20,8.569730407040334,-0.0026616270188242197,-0.006391395349055529,0.0031956976745277643,0.26477953791618347,-9.169217109680176,0.08825984597206116
2025-03-07 02:04:34.439843,320,240,20,20,8.570445407074294,0.0015969761880114675,-0.0031956976745277643,0.0010646508308127522,0.2843928337097168,-9.188830375671387,0.10787314921617508
2025-03-07 02:04:34.485768,320,240,20,20,8.630450409924379,-0.0015969761880114675,-0.005324999336153269,0.0026616270188242197,0.2843928337097168,-9.169217109680176,0.08825984597206116
2025-03-07 02:04:34.534033,320,240,20,20,8.557167906443647,0.0021293016616255045,-0.004260348621755838,-0.0021293016616255045,0.26477953791618347,-9.169217109680176,0.10787314921617508
2025-03-07 02:04:34.585863,320,240,20,20,8.608265408870647,0.0,-0.006391395349055529,-0.0010646508308127522,0.2843928337097168,-9.188830375671387,0.10787314921617508
2025-03-07 02:04:34.631688,320,240,20,20,8.660590411355951,-0.0010646508308127522,-0.010651743970811367,0.0031956976745277643,0.26477953791618347,-9.188830375671387,0.10787314921617508
2025-03-07 02:04:34.675507,320,240,20,20,8.779260416992475,0.0005323254154063761,-0.0021293016616255045,0.0005323254154063761,0.26477953791618347,-9.169217109680176,0.08825984597206116
2025-03-07 02:04:34.716252,320,240,20,20,8.611732909035345,0.0010646508308127522,-0.0021293016616255045,0.0015969761880114675,0.2843928337097168,-9.188830375671387,0.08825984597206116
2025-03-07 02:04:34.754845,320,240,20,20,8.516267904501001,-0.0010646508308127522,-0.0031956976745277643,0.0010646508308127522,0.2843928337097168,-9.188830375671387,0.10787314921617508
2025-03-07 02:04:34.793884,320,240,20,20,8.619262909393,-0.004792673978954554,-0.0021293016616255045,0.005859069991856813,0.26477953791618347,-9.169217109680176,0.08825984597206116
2025-03-07 02:04:34.832660,320,240,20,20,8.544227905829029,0.0010646508308127522,-0.003728023264557123,0.0010646508308127522,0.26477953791618347,-9.188830375671387,0.127486452460289
2025-03-07 02:04:34.867951,320,240,20,20,8.581867907616834,-0.0026616270188242197,-0.006391395349055529,0.0026616270188242197,0.26477953791618347,-9.188830375671387,0.08825984597206116
2025-03-07 02:04:34.898012,320,240,20,20,8.560180406586733,0.0005323254154063761,-0.008520697243511677,-0.0010646508308127522,0.2843928337097168,-9.169217109680176,0.08825984597206116
2025-03-07 02:04:34.933713,320,240,20,20,8.607252908822556,-0.0010646508308127522,-0.006923720706254244,0.0005323254154063761,0.26477953791618347,-9.188830375671387,0.10787314921617508
2025-03-07 02:04:34.964516,320,240,20,20,8.709577913682732,-0.0031956976745277643,-0.005324999336153269,0.0031956976745277643,0.26477953791618347,-9.188830375671387,0.10787314921617508
2025-03-07 02:04:35.000395,320,240,20,20,8.681652912356366,-0.0010646508308127522,-0.006923720706254244,0.0015969761880114675,0.2843928337097168,-9.188830375671387,0.10787314921617508
2025-03-07 02:04:35.030268,320,240,20,20,8.574197907252529,-0.0026616270188242197,-0.003728023264557123,0.0010646508308127522,0.2843928337097168,-9.169217109680176,0.10787314921617508
2025-03-07 02:04:35.067865,320,240,20,20,8.477622902665463,0.0005323254154063761,-0.005324999336153269,0.0,0.2843928337097168,-9.169217109680176,0.08825984597206116
2025-03-07 02:04:35.098445,320,240,20,20,8.542537905748759,-0.0010646508308127522,-0.005324999336153269,0.005324999336153269,0.26477953791618347,-9.188830375671387,0.10787314921617508
2025-03-07 02:04:35.131984,320,240,20,20,8.635725410174928,-0.0026616270188242197,-0.004792673978954554,0.0015969761880114675,0.26477953791618347,-9.169217109680176,0.10787314921617508
2025-03-07 02:04:35.165055,320,240,20,20,8.521867904766987,-0.0010646508308127522,-0.005859069991856813,-0.0026616270188242197,0.26477953791618347,-9.169217109680176,0.08825984597206116
2025-03-07 02:04:35.199797,320,240,20,20,8.693237912906625,-0.003728023264557123,-0.005859069991856813,0.0015969761880114675,0.2843928337097168,-9.188830375671387,0.10787314921617508
2025-03-07 02:04:35.232052,320,240,20,20,8.517410404555267,0.0,-0.006391395349055529,0.004792673978954554,0.2843928337097168,-9.188830375671387,0.10787314921617508
2025-03-07 02:04:35.264846,320,240,20,20,8.538705405566725,-0.0015969761880114675,-0.005859069991856813,0.0021293016616255045,0.26477953791618347,-9.169217109680176,0.10787314921617508
2025-03-07 02:04:35.298558,320,240,20,20,8.494607903472206,-0.0015969761880114675,-0.005859069991856813,0.0021293016616255045,0.2843928337097168,-9.169217109680176,0.08825984597206116
2025-03-07 02:04:35.332762,320,240,20,20,8.491010403301335,0.0005323254154063761,-0.004792673978954554,0.003728023264557123,0.2843928337097168,-9.169217109680176,0.08825984597206116
2025-03-07 02:04:35.363997,320,240,20,20,8.545302905880089,0.0010646508308127522,-0.004260348621755838,-0.0005323254154063761,0.26477953791618347,-9.188830375671387,0.08825984597206116
2025-03-07 02:04:35.400647,320,240,20,20,8.684085412471905,0.0026616270188242197,-0.007988371886312962,0.003728023264557123,0.2843928337097168,-9.188830375671387,0.127486452460289
2025-03-07 02:04:35.430674,320,240,20,20,8.559562906557403,0.0010646508308127522,-0.006391395349055529,0.0021293016616255045,0.26477953791618347,-9.188830375671387,0.10787314921617508
2025-03-07 02:04:35.468586,320,240,20,20,8.652617910977279,0.0010646508308127522,-0.0026616270188242197,0.004260348621755838,0.26477953791618347,-9.169217109680176,0.10787314921617508
2025-03-07 02:04:35.498399,320,240,20,20,8.622612909552117,0.0,-0.005859069991856813,0.0,0.2843928337097168,-9.169217109680176,0.10787314921617508
2025-03-07 02:04:35.531326,320,240,20,20,8.547715405994676,0.0005323254154063761,-0.004792673978954554,-0.0021293016616255045,0.2843928337097168,-9.188830375671387,0.10787314921617508
2025-03-07 02:04:35.565351,320,240,20,20,8.607227908821368,-0.0026616270188242197,-0.010651743970811367,0.0,0.2843928337097168,-9.188830375671387,0.08825984597206116
2025-03-07 02:04:35.599657,320,240,20,20,8.596372908305785,0.0005323254154063761,-0.004792673978954554,-0.0010646508308127522,0.2843928337097168,-9.188830375671387,0.10787314921617508
2025-03-07 02:04:35.633096,320,240,20,20,8.66176541141176,0.0015969761880114675,-0.005859069991856813,-0.0005323254154063761,0.26477953791618347,-9.169217109680176,0.127486452460289
2025-03-07 02:04:35.664693,320,240,20,20,8.562577906700607,-0.0005323254154063761,-0.004260348621755838,0.0,0.2843928337097168,-9.188830375671387,0.10787314921617508
2025-03-07 02:04:35.697810,320,240,20,20,8.579080407484435,-0.0031956976745277643,-0.008520697243511677,0.0,0.26477953791618347,-9.188830375671387,0.10787314921617508
2025-03-07 02:04:35.733138,320,240,20,20,8.683152912427612,0.0026616270188242197,-0.004792673978954554,0.0015969761880114675,0.2843928337097168,-9.188830375671387,0.10787314921617508
2025-03-07 02:04:35.764090,320,240,20,20,8.584187907727028,-0.0010646508308127522,-0.010651743970811367,0.0005323254154063761,0.26477953791618347,-9.188830375671387,0.08825984597206116
2025-03-07 02:04:35.802464,320,240,20,20,8.504977903964754,0.0021293016616255045,-0.0015969761880114675,0.0026616270188242197,0.26477953791618347,-9.188830375671387,0.10787314921617508
2025-03-07 02:04:35.832679,320,240,20,20,8.532362905265472,0.0026616270188242197,-0.0031956976745277643,0.004792673978954554,0.2843928337097168,-9.188830375671387,0.10787314921617508
2025-03-07 02:04:35.864515,320,240,20,20,8.620902909470896,-0.0015969761880114675,-0.004260348621755838,-0.0021293016616255045,0.2843928337097168,-9.169217109680176,0.127486452460289
2025-03-07 02:04:35.901287,320,240,20,20,8.560362906595401,-0.0010646508308127522,-0.0005323254154063761,0.0026616270188242197,0.2843928337097168,-9.169217109680176,0.08825984597206116
2025-03-07 02:04:35.931962,320,240,20,20,8.626552909739257,0.0,-0.006923720706254244,0.0015969761880114675,0.24516624212265015,-9.169217109680176,0.08825984597206116
2025-03-07 02:04:35.965832,320,240,20,20,8.479165402738726,-0.0005323254154063761,-0.005324999336153269,0.0031956976745277643,0.2843928337097168,-9.169217109680176,0.08825984597206116
2025-03-07 02:04:35.999016,320,240,20,20,8.635567910167447,-0.0015969761880114675,-0.006923720706254244,0.0031956976745277643,0.26477953791618347,-9.188830375671387,0.10787314921617508
2025-03-07 02:04:36.054704,320,240,20,20,8.591332908066397,-0.005859069991856813,-0.007988371886312962,0.0021293016616255045,0.2843928337097168,-9.188830375671387,0.10787314921617508
2025-03-07 02:04:36.111315,320,240,20,20,8.58464290774864,-0.003728023264557123,-0.005324999336153269,0.0010646508308127522,0.2843928337097168,-9.169217109680176,0.10787314921617508
2025-03-07 02:04:36.162856,320,240,20,20,8.703830413409742,-0.0010646508308127522,-0.006391395349055529,0.0026616270188242197,0.2843928337097168,-9.169217109680176,0.10787314921617508
2025-03-07 02:04:36.210231,320,240,20,20,8.545967905911676,-0.004792673978954554,-0.008520697243511677,0.003728023264557123,0.26477953791618347,-9.169217109680176,0.10787314921617508
2025-03-07 02:04:36.254698,320,240,20,20,8.607422908830632,-0.0031956976745277643,-0.008520697243511677,0.0005323254154063761,0.26477953791618347,-9.188830375671387,0.10787314921617508
2025-03-07 02:04:36.299352,320,240,20,20,8.54416790582618,-0.0015969761880114675,-0.0026616270188242197,0.0021293016616255045,0.2843928337097168,-9.188830375671387,0.10787314921617508
2025-03-07 02:04:36.342751,320,240,20,20,8.535655405421858,-0.0010646508308127522,-0.006923720706254244,0.0031956976745277643,0.26477953791618347,-9.188830375671387,0.08825984597206116
2025-03-07 02:04:36.386022,320,240,20,20,8.730827914692053,0.0026616270188242197,-0.004792673978954554,0.004792673978954554,0.2843928337097168,-9.188830375671387,0.10787314921617508
2025-03-07 02:04:36.426418,320,240,20,20,8.599597908458964,0.0010646508308127522,0.0026616270188242197,-0.0010646508308127522,0.2843928337097168,-9.169217109680176,0.10787314921617508
2025-03-07 02:04:36.469812,320,240,20,20,8.581725407610065,-0.0015969761880114675,-0.0021293016616255045,0.0031956976745277643,0.26477953791618347,-9.169217109680176,0.08825984597206116
2025-03-07 02:04:36.512837,320,240,20,20,8.75552791586524,-0.0015969761880114675,-0.006923720706254244,0.0,0.26477953791618347,-9.188830375671387,0.10787314921617508
2025-03-07 02:04:36.553470,320,240,20,20,8.61023040896398,-0.0015969761880114675,-0.004792673978954554,0.0,0.2843928337097168,-9.188830375671387,0.08825984597206116
2025-03-07 02:04:36.592522,320,240,20,20,8.560442906599201,0.0010646508308127522,-0.005324999336153269,0.0026616270188242197,0.26477953791618347,-9.169217109680176,0.10787314921617508
2025-03-07 02:04:36.633335,320,240,20,20,8.52982290514483,0.0005323254154063761,-0.010119418613612652,0.004260348621755838,0.2843928337097168,-9.188830375671387,0.08825984597206116
2025-03-07 02:04:36.675607,320,240,20,20,8.574222907253716,-0.0031956976745277643,-0.005859069991856813,0.0021293016616255045,0.2843928337097168,-9.188830375671387,0.10787314921617508
2025-03-07 02:04:36.715324,320,240,20,20,8.623982909617188,0.0010646508308127522,-0.003728023264557123,0.0010646508308127522,0.2843928337097168,-9.188830375671387,0.08825984597206116
2025-03-07 02:04:36.747442,320,240,20,20,8.65732791120099,-0.0015969761880114675,-0.003728023264557123,-0.0005323254154063761,0.2843928337097168,-9.169217109680176,0.10787314921617508
2025-03-07 02:04:36.777520,320,240,20,20,8.436705400721985,-0.0026616270188242197,-0.005859069991856813,-0.0015969761880114675,0.2843928337097168,-9.169217109680176,0.10787314921617508
2025-03-07 02:04:36.807623,320,240,20,20,8.559102906535554,0.0,-0.0026616270188242197,-0.0005323254154063761,0.2843928337097168,-9.188830375671387,0.08825984597206116
2025-03-07 02:04:36.837238,320,240,20,20,8.450837901393243,-0.0031956976745277643,-0.0031956976745277643,0.0015969761880114675,0.2843928337097168,-9.188830375671387,0.127486452460289
2025-03-07 02:04:36.867315,320,240,20,20,8.580267907540838,0.0021293016616255045,-0.009587093256413937,0.0031956976745277643,0.26477953791618347,-9.188830375671387,0.10787314921617508
2025-03-07 02:04:36.897629,320,240,20,20,8.589307907970214,0.0,-0.004792673978954554,0.0015969761880114675,0.2843928337097168,-9.188830375671387,0.08825984597206116
2025-03-07 02:04:36.933004,320,240,20,20,8.561807906664034,0.0010646508308127522,-0.003728023264557123,-0.0005323254154063761,0.2843928337097168,-9.169217109680176,0.08825984597206116
2025-03-07 02:04:36.965568,320,240,20,20,8.722752914308511,0.0026616270188242197,-0.005859069991856813,0.0026616270188242197,0.26477953791618347,-9.188830375671387,0.08825984597206116
2025-03-07 02:04:37.000746,320,240,20,20,8.653402911014563,-0.004260348621755838,-0.0015969761880114675,0.006391395349055529,0.2843928337097168,-9.188830375671387,0.10787314921617508
2025-03-07 02:04:37.032150,320,240,20,20,8.542122905729048,-0.0005323254154063761,-0.007456046529114246,0.0015969761880114675,0.2843928337097168,-9.169217109680176,0.10787314921617508
2025-03-07 02:04:37.066920,320,240,20,20,8.579897907523264,0.003728023264557123,-0.006391395349055529,0.0021293016616255045,0.2843928337097168,-9.188830375671387,0.08825984597206116
2025-03-07 02:04:37.098738,320,240,20,20,8.636635410218151,0.003728023264557123,-0.011718139983713627,0.0031956976745277643,0.2843928337097168,-9.188830375671387,0.10787314921617508
2025-03-07 02:04:37.135859,320,240,20,20,8.588602907936728,-0.0015969761880114675,-0.0015969761880114675,0.004260348621755838,0.2843928337097168,-9.169217109680176,0.127486452460289
2025-03-07 02:04:37.167263,320,240,20,20,8.471570402377983,-0.0005323254154063761,-0.003728023264557123,0.0005323254154063761,0.26477953791618347,-9.188830375671387,0.10787314921617508
2025-03-07 02:04:37.203947,320,240,20,20,8.513307904360408,-0.0021293016616255045,-0.006923720706254244,0.005324999336153269,0.2843928337097168,-9.169217109680176,0.10787314921617508
2025-03-07 02:04:37.244057,320,240,20,20,8.508620404137764,0.0015969761880114675,-0.004792673978954554,0.0010646508308127522,0.2843928337097168,-9.169217109680176,0.08825984597206116
2025-03-07 02:04:37.283502,320,240,20,20,8.505180403974373,-0.0031956976745277643,-0.005859069991856813,0.004260348621755838,0.2843928337097168,-9.169217109680176,0.10787314921617508
2025-03-07 02:04:37.323658,320,240,20,20,8.550562906129926,-0.0005323254154063761,-0.004792673978954554,0.0031956976745277643,0.2843928337097168,-9.169217109680176,0.08825984597206116
2025-03-07 02:04:37.371626,320,240,20,20,8.561935406670091,-0.0015969761880114675,-0.003728023264557123,0.004792673978954554,0.26477953791618347,-9.169217109680176,0.08825984597206116
2025-03-07 02:04:37.433809,320,240,20,20,8.574842907283164,-0.0010646508308127522,-0.0010646508308127522,0.0,0.2843928337097168,-9.188830375671387,0.10787314921617508
2025-03-07 02:04:37.484298,320,240,20,20,8.647567910737417,0.0021293016616255045,-0.006391395349055529,0.004260348621755838,0.2843928337097168,-9.188830375671387,0.08825984597206116
2025-03-07 02:04:37.533513,320,240,20,20,8.50140540379507,-0.0010646508308127522,-0.006391395349055529,0.003728023264557123,0.26477953791618347,-9.188830375671387,0.10787314921617508
2025-03-07 02:04:37.581316,320,240,20,20,8.515205404450535,0.0021293016616255045,-0.0026616270188242197,0.003728023264557123,0.26477953791618347,-9.188830375671387,0.127486452460289
2025-03-07 02:04:37.623904,320,240,20,20,8.601795408563339,-0.005324999336153269,-0.0010646508308127522,0.0026616270188242197,0.2843928337097168,-9.188830375671387,0.08825984597206116
2025-03-07 02:04:37.663447,320,240,20,20,8.571052907103148,-0.0026616270188242197,-0.011718139983713627,0.0026616270188242197,0.2843928337097168,-9.169217109680176,0.10787314921617508
2025-03-07 02:04:37.704814,320,240,20,20,8.660212911338022,-0.0005323254154063761,-0.0021293016616255045,0.004260348621755838,0.26477953791618347,-9.188830375671387,0.10787314921617508
2025-03-07 02:04:37.743016,320,240,20,20,8.670440411823801,0.0026616270188242197,-0.0010646508308127522,0.006923720706254244,0.2843928337097168,-9.188830375671387,0.10787314921617508
2025-03-07 02:04:37.773189,320,240,20,20,8.679192912239523,-0.0021293016616255045,-0.008520697243511677,0.0021293016616255045,0.2843928337097168,-9.188830375671387,0.10787314921617508
2025-03-07 02:04:37.803071,320,240,20,20,8.58211290762847,-0.0031956976745277643,-0.006923720706254244,-0.0031956976745277643,0.2843928337097168,-9.188830375671387,0.10787314921617508
2025-03-07 02:04:37.833077,320,240,20,20,8.670232911813946,0.0,-0.003728023264557123,0.0031956976745277643,0.2843928337097168,-9.188830375671387,0.10787314921617508
2025-03-07 02:04:37.873216,320,240,20,20,8.711045413752435,-0.0026616270188242197,-0.005324999336153269,0.0026616270188242197,0.3040061295032501,-9.188830375671387,0.08825984597206116
2025-03-07 02:04:37.911196,320,240,20,20,8.575255407302757,-0.0010646508308127522,-0.005324999336153269,0.0005323254154063761,0.2843928337097168,-9.188830375671387,0.10787314921617508
2025-03-07 02:04:37.946014,320,240,20,20,8.556947906433198,0.0010646508308127522,-0.008520697243511677,0.0026616270188242197,0.2843928337097168,-9.169217109680176,0.127486452460289
2025-03-07 02:04:37.987186,320,240,20,20,8.584467907740327,0.0005323254154063761,-0.007456046529114246,0.005859069991856813,0.2843928337097168,-9.188830375671387,0.127486452460289
2025-03-07 02:04:38.027543,320,240,20,20,8.627197909769894,-0.004260348621755838,-0.008520697243511677,0.003728023264557123,0.26477953791618347,-9.188830375671387,0.08825984597206116
2025-03-07 02:04:38.066702,320,240,20,20,8.632090410002274,0.0026616270188242197,-0.005859069991856813,0.0005323254154063761,0.2843928337097168,-9.188830375671387,0.10787314921617508
2025-03-07 02:04:38.109912,320,240,20,20,8.648340410774107,0.0015969761880114675,-0.0026616270188242197,0.0015969761880114675,0.26477953791618347,-9.188830375671387,0.08825984597206116
2025-03-07 02:04:38.165472,320,240,20,20,8.505925404009758,-0.0026616270188242197,-0.0031956976745277643,0.006391395349055529,0.2843928337097168,-9.169217109680176,0.08825984597206116
2025-03-07 02:04:38.220741,320,240,20,20,8.679225412241067,-0.0015969761880114675,-0.006391395349055529,0.0015969761880114675,0.26477953791618347,-9.188830375671387,0.10787314921617508
2025-03-07 02:04:38.257002,320,240,20,20,8.615220409200992,0.0010646508308127522,-0.004792673978954554,0.005324999336153269,0.26477953791618347,-9.188830375671387,0.10787314921617508
2025-03-07 02:04:38.293306,320,240,20,20,8.563355406737537,-0.0015969761880114675,-0.0026616270188242197,0.0021293016616255045,0.2843928337097168,-9.188830375671387,0.08825984597206116
2025-03-07 02:04:38.335519,320,240,20,20,8.504225403929013,-0.004260348621755838,-0.005859069991856813,0.0021293016616255045,0.26477953791618347,-9.188830375671387,0.10787314921617508
2025-03-07 02:04:38.373860,320,240,20,20,8.65390791103855,-0.004260348621755838,-0.005859069991856813,0.0010646508308127522,0.2843928337097168,-9.188830375671387,0.08825984597206116
2025-03-07 02:04:38.414040,320,240,20,20,8.648185410766747,0.0015969761880114675,-0.0031956976745277643,0.0005323254154063761,0.2843928337097168,-9.188830375671387,0.10787314921617508
2025-03-07 02:04:38.453242,320,240,20,20,8.646767910699419,0.0031956976745277643,-0.0026616270188242197,0.0021293016616255045,0.26477953791618347,-9.169217109680176,0.10787314921617508
2025-03-07 02:04:38.492285,320,240,20,20,8.657902911228302,-0.0021293016616255045,-0.006923720706254244,0.003728023264557123,0.2843928337097168,-9.188830375671387,0.08825984597206116
2025-03-07 02:04:38.530664,320,240,20,20,8.633712910079339,-0.0005323254154063761,-0.0026616270188242197,-0.0021293016616255045,0.2843928337097168,-9.188830375671387,0.10787314921617508
2025-03-07 02:04:38.571602,320,240,20,20,8.545407905885076,-0.005859069991856813,-0.004260348621755838,0.0005323254154063761,0.2843928337097168,-9.188830375671387,0.08825984597206116
2025-03-07 02:04:38.610496,320,240,20,20,8.540907905671338,-0.0010646508308127522,-0.007456046529114246,0.003728023264557123,0.26477953791618347,-9.188830375671387,0.08825984597206116
2025-03-07 02:04:38.656245,320,240,20,20,8.626590409741038,-0.0015969761880114675,-0.0026616270188242197,0.0015969761880114675,0.2843928337097168,-9.188830375671387,0.08825984597206116
2025-03-07 02:04:38.703253,320,240,20,20,8.592672908130044,0.0,-0.006923720706254244,0.0031956976745277643,0.26477953791618347,-9.188830375671387,0.10787314921617508
2025-03-07 02:04:38.754449,320,240,20,20,8.580000407528132,-0.0021293016616255045,-0.004260348621755838,0.0010646508308127522,0.2843928337097168,-9.188830375671387,0.10787314921617508
2025-03-07 02:04:38.796495,320,240,20,20,8.638552910309226,-0.0031956976745277643,-0.005324999336153269,0.0015969761880114675,0.2843928337097168,-9.188830375671387,0.10787314921617508
2025-03-07 02:04:38.833567,320,240,20,20,8.525187904924678,0.0,-0.009054767899215221,0.0015969761880114675,0.2843928337097168,-9.169217109680176,0.10787314921617508
2025-03-07 02:04:38.864396,320,240,20,20,8.536135405444657,-0.0026616270188242197,-0.003728023264557123,0.004260348621755838,0.2843928337097168,-9.169217109680176,0.08825984597206116
2025-03-07 02:04:38.894269,320,240,20,20,8.614692909175938,-0.0031956976745277643,-0.003728023264557123,0.0015969761880114675,0.2843928337097168,-9.188830375671387,0.08825984597206116
2025-03-07 02:04:38.924826,320,240,20,20,8.509200404165313,0.0015969761880114675,-0.010651743970811367,0.0,0.2843928337097168,-9.169217109680176,0.10787314921617508
2025-03-07 02:04:38.960459,320,240,20,20,8.615697909223673,-0.004792673978954554,-0.006391395349055529,0.004792673978954554,0.2843928337097168,-9.188830375671387,0.10787314921617508
2025-03-07 02:04:39.002323,320,240,20,20,8.638515410307445,-0.0015969761880114675,-0.004792673978954554,0.0015969761880114675,0.2843928337097168,-9.169217109680176,0.10787314921617508
2025-03-07 02:04:39.046675,320,240,20,20,8.594760408229195,-0.004260348621755838,-0.005859069991856813,0.0015969761880114675,0.2843928337097168,-9.188830375671387,0.10787314921617508
2025-03-07 02:04:39.098740,320,240,20,20,8.664657911549147,-0.003728023264557123,-0.006391395349055529,0.0021293016616255045,0.2843928337097168,-9.188830375671387,0.08825984597206116
2025-03-07 02:04:39.148212,320,240,20,20,8.62035790944501,-0.0026616270188242197,-0.003728023264557123,0.0005323254154063761,0.2843928337097168,-9.169217109680176,0.10787314921617508
2025-03-07 02:04:39.195443,320,240,20,20,8.573270407208474,-0.0015969761880114675,-0.004792673978954554,0.009054767899215221,0.2843928337097168,-9.169217109680176,0.08825984597206116
2025-03-07 02:04:39.238438,320,240,20,20,8.690997912800231,-0.0021293016616255045,-0.006923720706254244,0.0015969761880114675,0.2843928337097168,-9.188830375671387,0.08825984597206116
2025-03-07 02:04:39.282056,320,240,20,20,8.681225412336062,-0.0026616270188242197,-0.007988371886312962,0.0026616270188242197,0.2843928337097168,-9.188830375671387,0.08825984597206116
2025-03-07 02:04:39.327334,320,240,20,20,8.549505406079698,0.0,-0.008520697243511677,0.0021293016616255045,0.2843928337097168,-9.169217109680176,0.08825984597206116
2025-03-07 02:04:39.376239,320,240,20,20,8.654657911074173,-0.0010646508308127522,-0.004792673978954554,0.0010646508308127522,0.2843928337097168,-9.169217109680176,0.10787314921617508
2025-03-07 02:04:39.413539,320,240,20,20,8.595895408283104,0.0021293016616255045,-0.009054767899215221,0.0005323254154063761,0.3040061295032501,-9.188830375671387,0.10787314921617508
2025-03-07 02:04:39.444729,320,240,20,20,8.459015401781652,-0.0010646508308127522,-0.004260348621755838,0.0026616270188242197,0.2843928337097168,-9.169217109680176,0.10787314921617508
2025-03-07 02:04:39.474875,320,240,20,20,8.528295405072276,-0.0021293016616255045,-0.006391395349055529,0.0010646508308127522,0.26477953791618347,-9.188830375671387,0.08825984597206116
2025-03-07 02:04:39.505008,320,240,20,20,8.669200411764905,-0.0005323254154063761,-0.005324999336153269,0.0026616270188242197,0.26477953791618347,-9.188830375671387,0.127486452460289
2025-03-07 02:04:39.535157,320,240,20,20,8.606622908792634,-0.005859069991856813,-0.007988371886312962,-0.0010646508308127522,0.2843928337097168,-9.169217109680176,0.127486452460289
2025-03-07 02:04:39.565297,320,240,20,20,8.585917907809199,0.003728023264557123,-0.004792673978954554,0.0026616270188242197,0.2843928337097168,-9.188830375671387,0.127486452460289
2025-03-07 02:04:39.602041,320,240,20,20,8.600592908506224,0.0,-0.005859069991856813,0.0,0.2843928337097168,-9.169217109680176,0.10787314921617508
2025-03-07 02:04:39.631964,320,240,20,20,8.58724540787225,-0.0010646508308127522,-0.005324999336153269,0.004792673978954554,0.2843928337097168,-9.169217109680176,0.10787314921617508
2025-03-07 02:04:39.668311,320,240,20,20,8.774347916759144,-0.0005323254154063761,-0.005859069991856813,0.003728023264557123,0.2843928337097168,-9.188830375671387,0.08825984597206116
2025-03-07 02:04:39.698949,320,240,20,20,8.583225407681311,-0.003728023264557123,-0.006923720706254244,-0.0031956976745277643,0.26477953791618347,-9.188830375671387,0.10787314921617508
2025-03-07 02:04:39.734305,320,240,20,20,8.575322907305964,-0.0021293016616255045,-0.005324999336153269,0.0010646508308127522,0.2843928337097168,-9.188830375671387,0.10787314921617508
2025-03-07 02:04:39.769430,320,240,20,20,8.678087912187038,0.0015969761880114675,-0.005324999336153269,0.0021293016616255045,0.2843928337097168,-9.169217109680176,0.10787314921617508
2025-03-07 02:04:39.800352,320,240,20,20,8.614592909171188,0.0005323254154063761,-0.004260348621755838,0.0031956976745277643,0.2843928337097168,-9.188830375671387,0.10787314921617508
2025-03-07 02:04:39.832432,320,240,20,20,8.544257905830454,0.0005323254154063761,-0.0021293016616255045,0.004260348621755838,0.2843928337097168,-9.188830375671387,0.08825984597206116
2025-03-07 02:04:39.870876,320,240,20,20,8.63480291013111,-0.003728023264557123,-0.005859069991856813,0.003728023264557123,0.2843928337097168,-9.188830375671387,0.10787314921617508
2025-03-07 02:04:39.902496,320,240,20,20,8.659930411324604,0.0021293016616255045,-0.006923720706254244,0.0005323254154063761,0.2843928337097168,-9.169217109680176,0.10787314921617508
2025-03-07 02:04:39.932505,320,240,20,20,8.682605412401609,-0.0031956976745277643,-0.008520697243511677,-0.0021293016616255045,0.2843928337097168,-9.188830375671387,0.08825984597206116
2025-03-07 02:04:39.968250,320,240,20,20,8.621067909478734,0.0021293016616255045,-0.0026616270188242197,-0.0005323254154063761,0.2843928337097168,-9.169217109680176,0.08825984597206116
2025-03-07 02:04:40.001885,320,240,20,20,8.651177910908881,-0.0015969761880114675,-0.008520697243511677,-0.0005323254154063761,0.2843928337097168,-9.169217109680176,0.08825984597206116
2025-03-07 02:04:40.034756,320,240,20,20,8.649660410836805,0.0010646508308127522,-0.004792673978954554,0.0031956976745277643,0.2843928337097168,-9.208444595336914,0.10787314921617508
2025-03-07 02:04:40.066490,320,240,20,20,8.566357906880148,-0.0010646508308127522,-0.006391395349055529,0.0015969761880114675,0.2843928337097168,-9.188830375671387,0.08825984597206116
2025-03-07 02:04:40.102420,320,240,20,20,8.71999291417742,-0.005324999336153269,-0.006391395349055529,0.0031956976745277643,0.2843928337097168,-9.169217109680176,0.08825984597206116
2025-03-07 02:04:40.133095,320,240,20,20,8.566170406871242,-0.004792673978954554,-0.003728023264557123,0.003728023264557123,0.26477953791618347,-9.169217109680176,0.10787314921617508
2025-03-07 02:04:40.167506,320,240,20,20,8.62063790945831,0.0005323254154063761,-0.007456046529114246,0.0026616270188242197,0.2843928337097168,-9.169217109680176,0.08825984597206116
2025-03-07 02:04:40.200973,320,240,20,20,8.60800040885806,-0.0026616270188242197,-0.004260348621755838,0.0005323254154063761,0.2843928337097168,-9.169217109680176,0.10787314921617508
2025-03-07 02:04:40.233661,320,240,20,20,8.630245409914641,-0.0031956976745277643,-0.006923720706254244,0.0005323254154063761,0.2843928337097168,-9.169217109680176,0.10787314921617508
2025-03-07 02:04:40.276011,320,240,20,20,8.674705412026379,-0.005324999336153269,-0.010651743970811367,0.0031956976745277643,0.26477953791618347,-9.169217109680176,0.08825984597206116
2025-03-07 02:04:40.314922,320,240,20,20,8.627885409802548,-0.0015969761880114675,-0.007988371886312962,0.0021293016616255045,0.26477953791618347,-9.169217109680176,0.10787314921617508
2025-03-07 02:04:40.354704,320,240,20,20,8.699270413193153,-0.0010646508308127522,-0.006391395349055529,0.0010646508308127522,0.26477953791618347,-9.188830375671387,0.08825984597206116
2025-03-07 02:04:40.394264,320,240,20,20,8.605320408730767,0.004260348621755838,-0.0021293016616255045,0.004260348621755838,0.2843928337097168,-9.169217109680176,0.08825984597206116
2025-03-07 02:04:40.436558,320,240,20,20,8.611197909009935,-0.0005323254154063761,-0.004792673978954554,0.0026616270188242197,0.2843928337097168,-9.188830375671387,0.10787314921617508
2025-03-07 02:04:40.476065,320,240,20,20,8.545510405889946,-0.006391395349055529,-0.010119418613612652,0.0005323254154063761,0.26477953791618347,-9.169217109680176,0.06864655017852783
2025-03-07 02:04:40.511432,320,240,20,20,8.652377910965878,-0.0021293016616255045,-0.007988371886312962,0.0015969761880114675,0.26477953791618347,-9.169217109680176,0.10787314921617508
2025-03-07 02:04:40.542870,320,240,20,20,8.617722909319856,-0.0021293016616255045,-0.0021293016616255045,0.0031956976745277643,0.2843928337097168,-9.169217109680176,0.10787314921617508
2025-03-07 02:04:40.582157,320,240,20,20,8.569812907044252,0.0010646508308127522,-0.004260348621755838,0.0021293016616255045,0.26477953791618347,-9.169217109680176,0.10787314921617508
2025-03-07 02:04:40.624807,320,240,20,20,8.597365408352925,0.0,-0.007988371886312962,0.0,0.2843928337097168,-9.188830375671387,0.08825984597206116
2025-03-07 02:04:40.666241,320,240,20,20,8.580972907574324,0.0021293016616255045,-0.0031956976745277643,0.0021293016616255045,0.2843928337097168,-9.188830375671387,0.10787314921617508
2025-03-07 02:04:40.707271,320,240,20,20,8.632865410039084,-0.0031956976745277643,-0.006923720706254244,0.0005323254154063761,0.2843928337097168,-9.188830375671387,0.10787314921617508
2025-03-07 02:04:40.748445,320,240,20,20,8.640012910378573,-0.0021293016616255045,-0.008520697243511677,-0.0015969761880114675,0.2843928337097168,-9.188830375671387,0.10787314921617508
2025-03-07 02:04:40.789021,320,240,20,20,8.68031291229272,-0.0010646508308127522,-0.004260348621755838,-0.0005323254154063761,0.2843928337097168,-9.169217109680176,0.08825984597206116
2025-03-07 02:04:40.822324,320,240,20,20,8.657140411192085,0.0005323254154063761,-0.005324999336153269,0.0021293016616255045,0.2843928337097168,-9.188830375671387,0.10787314921617508
2025-03-07 02:04:40.852254,320,240,20,20,8.654480411065743,0.0005323254154063761,-0.003728023264557123,0.005859069991856813,0.26477953791618347,-9.188830375671387,0.10787314921617508
2025-03-07 02:04:40.881733,320,240,20,20,8.626417909732846,-0.003728023264557123,-0.004792673978954554,0.0026616270188242197,0.2843928337097168,-9.188830375671387,0.08825984597206116
2025-03-07 02:04:40.911570,320,240,20,20,8.594655408224208,0.0021293016616255045,-0.0010646508308127522,0.0015969761880114675,0.2843928337097168,-9.169217109680176,0.10787314921617508
2025-03-07 02:04:40.941377,320,240,20,20,8.582917907666706,-0.005324999336153269,-0.010651743970811367,0.0031956976745277643,0.2843928337097168,-9.188830375671387,0.10787314921617508
2025-03-07 02:04:40.971016,320,240,20,20,8.686695412595872,-0.0005323254154063761,-0.006923720706254244,0.004260348621755838,0.2843928337097168,-9.169217109680176,0.08825984597206116
2025-03-07 02:04:41.000631,320,240,20,20,8.635435410161154,-0.004260348621755838,-0.010119418613612652,0.0015969761880114675,0.2843928337097168,-9.169217109680176,0.10787314921617508
2025-03-07 02:04:41.032777,320,240,20,20,8.694802912980958,0.0,-0.005324999336153269,0.0026616270188242197,0.26477953791618347,-9.188830375671387,0.08825984597206116
2025-03-07 02:04:41.069624,320,240,20,20,8.643067910523678,0.0,-0.0010646508308127522,0.004260348621755838,0.26477953791618347,-9.169217109680176,0.08825984597206116
2025-03-07 02:04:41.099539,320,240,20,20,8.63603791018977,-0.003728023264557123,-0.009054767899215221,0.0010646508308127522,0.2843928337097168,-9.169217109680176,0.08825984597206116
2025-03-07 02:04:41.138395,320,240,20,20,8.644630410597893,-0.0021293016616255045,-0.007988371886312962,0.0021293016616255045,0.2843928337097168,-9.188830375671387,0.08825984597206116
2025-03-07 02:04:41.198616,320,240,20,20,8.579700407513883,-0.0005323254154063761,-0.007988371886312962,0.0010646508308127522,0.2843928337097168,-9.169217109680176,0.10787314921617508
2025-03-07 02:04:41.246851,320,240,20,20,8.56297040671925,-0.0021293016616255045,-0.003728023264557123,0.0,0.26477953791618347,-9.169217109680176,0.08825984597206116
2025-03-07 02:04:41.291952,320,240,20,20,8.643197910529853,-0.0021293016616255045,-0.007988371886312962,0.004260348621755838,0.2843928337097168,-9.188830375671387,0.08825984597206116
2025-03-07 02:04:41.333631,320,240,20,20,8.484227902979182,0.0015969761880114675,-0.005859069991856813,0.0021293016616255045,0.2843928337097168,-9.188830375671387,0.10787314921617508
2025-03-07 02:04:41.370338,320,240,20,20,8.60002290847915,0.0005323254154063761,-0.005324999336153269,0.004792673978954554,0.2843928337097168,-9.188830375671387,0.10787314921617508
2025-03-07 02:04:41.406479,320,240,20,20,8.665915411608875,-0.0021293016616255045,-0.007456046529114246,0.0010646508308127522,0.2843928337097168,-9.188830375671387,0.08825984597206116
2025-03-07 02:04:41.438824,320,240,20,20,8.566502906887035,-0.0026616270188242197,-0.007988371886312962,0.0005323254154063761,0.2843928337097168,-9.188830375671387,0.10787314921617508
2025-03-07 02:04:41.473374,320,240,20,20,8.637400410254486,0.0005323254154063761,-0.008520697243511677,0.0005323254154063761,0.2843928337097168,-9.188830375671387,0.10787314921617508
2025-03-07 02:04:41.512237,320,240,20,20,8.676485412110924,-0.0026616270188242197,-0.008520697243511677,0.0031956976745277643,0.2843928337097168,-9.169217109680176,0.10787314921617508
2025-03-07 02:04:41.545609,320,240,20,20,8.713737913880323,-0.0026616270188242197,-0.009054767899215221,0.0026616270188242197,0.2843928337097168,-9.169217109680176,0.10787314921617508
2025-03-07 02:04:41.576113,320,240,20,20,8.577015407386352,-0.0015969761880114675,-0.004792673978954554,0.0021293016616255045,0.2843928337097168,-9.169217109680176,0.08825984597206116
2025-03-07 02:04:41.607180,320,240,20,20,8.583397907689506,-0.0005323254154063761,-0.004792673978954554,0.0031956976745277643,0.2843928337097168,-9.169217109680176,0.06864655017852783
2025-03-07 02:04:41.651802,320,240,20,20,8.454945401588338,0.0026616270188242197,-0.004260348621755838,0.003728023264557123,0.2843928337097168,-9.169217109680176,0.08825984597206116
2025-03-07 02:04:41.692076,320,240,20,20,8.500547903754342,-0.0031956976745277643,-0.008520697243511677,0.0021293016616255045,0.2843928337097168,-9.169217109680176,0.10787314921617508
2025-03-07 02:04:41.729593,320,240,20,20,8.661982911422092,0.0005323254154063761,-0.005859069991856813,-0.0010646508308127522,0.2843928337097168,-9.188830375671387,0.08825984597206116
2025-03-07 02:04:41.768458,320,240,20,20,8.660310411342653,0.005324999336153269,-0.0005323254154063761,0.0010646508308127522,0.2843928337097168,-9.169217109680176,0.08825984597206116
2025-03-07 02:04:41.807431,320,240,20,20,8.680992912325019,-0.0005323254154063761,-0.003728023264557123,0.004792673978954554,0.2843928337097168,-9.169217109680176,0.10787314921617508
2025-03-07 02:04:41.846434,320,240,20,20,8.828922919351317,0.0010646508308127522,-0.005324999336153269,-0.0010646508308127522,0.3040061295032501,-9.188830375671387,0.127486452460289
2025-03-07 02:04:41.882741,320,240,20,20,8.619167909388489,-0.003728023264557123,-0.004792673978954554,0.0010646508308127522,0.2843928337097168,-9.188830375671387,0.08825984597206116
2025-03-07 02:04:41.919893,320,240,20,20,8.68254291239864,-0.0026616270188242197,-0.005324999336153269,0.0021293016616255045,0.2843928337097168,-9.169217109680176,0.10787314921617508
2025-03-07 02:04:41.958271,320,240,20,20,8.655750411126064,-0.003728023264557123,-0.008520697243511677,0.0005323254154063761,0.2843928337097168,-9.169217109680176,0.10787314921617508
2025-03-07 02:04:41.998302,320,240,20,20,8.586585407840904,-0.0015969761880114675,-0.003728023264557123,0.0,0.2843928337097168,-9.169217109680176,0.06864655017852783
2025-03-07 02:04:42.039818,320,240,20,20,8.528730405092938,0.0015969761880114675,-0.007988371886312962,0.003728023264557123,0.2843928337097168,-9.188830375671387,0.10787314921617508
2025-03-07 02:04:42.078232,320,240,20,20,8.732617914777075,-0.0015969761880114675,-0.009587093256413937,-0.0021293016616255045,0.2843928337097168,-9.169217109680176,0.08825984597206116
2025-03-07 02:04:42.114532,320,240,20,20,8.640920410421677,-0.005324999336153269,0.0,0.0010646508308127522,0.3040061295032501,-9.188830375671387,0.08825984597206116
2025-03-07 02:04:42.147102,320,240,20,20,8.668487911731063,0.0026616270188242197,-0.004792673978954554,0.0010646508308127522,0.3040061295032501,-9.188830375671387,0.08825984597206116
2025-03-07 02:04:42.176808,320,240,20,20,8.709282913668721,0.0021293016616255045,-0.003728023264557123,0.0026616270188242197,0.2843928337097168,-9.188830375671387,0.08825984597206116
2025-03-07 02:04:42.206379,320,240,20,20,8.653100411000196,-0.005324999336153269,-0.005324999336153269,0.0010646508308127522,0.2843928337097168,-9.188830375671387,0.08825984597206116
2025-03-07 02:04:42.236344,320,240,20,20,8.671565411877236,0.0,-0.005859069991856813,0.0026616270188242197,0.2843928337097168,-9.169217109680176,0.10787314921617508
2025-03-07 02:04:42.266342,320,240,20,20,8.634355410109857,0.0,-0.006391395349055529,0.0031956976745277643,0.2843928337097168,-9.169217109680176,0.10787314921617508
2025-03-07 02:04:42.302455,320,240,20,20,8.6044579086898,0.0021293016616255045,-0.005324999336153269,0.005324999336153269,0.2843928337097168,-9.188830375671387,0.10787314921617508
2025-03-07 02:04:42.333572,320,240,20,20,8.704862913458783,-0.0031956976745277643,-0.005324999336153269,0.0015969761880114675,0.2843928337097168,-9.188830375671387,0.10787314921617508
2025-03-07 02:04:42.371576,320,240,20,20,8.57427540725621,-0.0005323254154063761,-0.003728023264557123,-0.0010646508308127522,0.2843928337097168,-9.188830375671387,0.08825984597206116
2025-03-07 02:04:42.401862,320,240,20,20,8.666875411654473,0.0,-0.009587093256413937,0.0005323254154063761,0.26477953791618347,-9.169217109680176,0.10787314921617508
2025-03-07 02:04:42.440780,320,240,20,20,8.675772912077083,0.0005323254154063761,-0.004792673978954554,0.0026616270188242197,0.2843928337097168,-9.188830375671387,0.08825984597206116
2025-03-07 02:04:42.481270,320,240,20,20,8.545485405888758,0.0010646508308127522,-0.0021293016616255045,-0.0031956976745277643,0.2843928337097168,-9.169217109680176,0.10787314921617508
2025-03-07 02:04:42.519099,320,240,20,20,8.683745412455755,-0.0021293016616255045,-0.009587093256413937,0.0031956976745277643,0.2843928337097168,-9.169217109680176,0.10787314921617508
2025-03-07 02:04:42.562402,320,240,20,20,8.719565414157113,-0.0015969761880114675,-0.006391395349055529,-0.0005323254154063761,0.26477953791618347,-9.188830375671387,0.10787314921617508
2025-03-07 02:04:42.601984,320,240,20,20,8.757842915975198,-0.007456046529114246,-0.010119418613612652,0.0031956976745277643,0.26477953791618347,-9.188830375671387,0.08825984597206116
2025-03-07 02:04:42.639157,320,240,20,20,8.670882911844819,0.0021293016616255045,-0.0021293016616255045,0.0031956976745277643,0.3040061295032501,-9.169217109680176,0.10787314921617508
2025-03-07 02:04:42.679843,320,240,20,20,8.584672907750065,-0.0005323254154063761,-0.007456046529114246,0.0026616270188242197,0.2843928337097168,-9.169217109680176,0.08825984597206116
2025-03-07 02:04:42.718311,320,240,20,20,8.658990411279955,-0.006923720706254244,-0.007988371886312962,0.003728023264557123,0.2843928337097168,-9.188830375671387,0.08825984597206116
2025-03-07 02:04:42.755849,320,240,20,20,8.647635410740623,-0.0015969761880114675,-0.006923720706254244,0.0005323254154063761,0.3040061295032501,-9.188830375671387,0.10787314921617508
2025-03-07 02:04:42.786777,320,240,20,20,8.592920408141799,-0.0015969761880114675,-0.0021293016616255045,0.0015969761880114675,0.2843928337097168,-9.169217109680176,0.10787314921617508
2025-03-07 02:04:42.816487,320,240,20,20,8.620382909446198,0.005859069991856813,-0.0021293016616255045,0.0015969761880114675,0.2843928337097168,-9.188830375671387,0.10787314921617508
2025-03-07 02:04:42.846483,320,240,20,20,8.637560410262086,-0.0026616270188242197,-0.009587093256413937,0.0031956976745277643,0.2843928337097168,-9.188830375671387,0.08825984597206116
2025-03-07 02:04:42.876378,320,240,20,20,8.63651541021245,-0.0005323254154063761,-0.004792673978954554,0.0015969761880114675,0.2843928337097168,-9.188830375671387,0.10787314921617508
2025-03-07 02:04:42.913858,320,240,20,20,8.700920413271524,-0.005324999336153269,-0.010119418613612652,0.0015969761880114675,0.2843928337097168,-9.188830375671387,0.10787314921617508
2025-03-07 02:04:42.950989,320,240,20,20,8.614392909161689,-0.0021293016616255045,-0.006923720706254244,0.0010646508308127522,0.26477953791618347,-9.169217109680176,0.10787314921617508
2025-03-07 02:04:42.986229,320,240,20,20,8.542127905729284,-0.0021293016616255045,-0.007988371886312962,-0.0010646508308127522,0.26477953791618347,-9.169217109680176,0.08825984597206116
2025-03-07 02:04:43.025978,320,240,20,20,8.611777909037482,-0.0026616270188242197,-0.004260348621755838,0.0015969761880114675,0.2843928337097168,-9.169217109680176,0.127486452460289
2025-03-07 02:04:43.066063,320,240,20,20,8.730335414668662,-0.0015969761880114675,-0.0021293016616255045,0.0005323254154063761,0.2843928337097168,-9.169217109680176,0.08825984597206116
2025-03-07 02:04:43.103774,320,240,20,20,8.637887910277641,-0.0010646508308127522,-0.0010646508308127522,0.004792673978954554,0.2843928337097168,-9.188830375671387,0.10787314921617508
2025-03-07 02:04:43.144220,320,240,20,20,8.656480411160738,0.0015969761880114675,-0.006923720706254244,0.004792673978954554,0.2843928337097168,-9.188830375671387,0.08825984597206116
2025-03-07 02:04:43.185056,320,240,20,20,8.720035414179439,-0.003728023264557123,-0.011718139983713627,0.0005323254154063761,0.2843928337097168,-9.188830375671387,0.06864655017852783
2025-03-07 02:04:43.223059,320,240,20,20,8.685740412550512,0.003728023264557123,-0.009054767899215221,-0.0010646508308127522,0.2843928337097168,-9.169217109680176,0.08825984597206116
2025-03-07 02:04:43.262114,320,240,20,20,8.532855405288865,-0.004260348621755838,-0.006391395349055529,-0.0010646508308127522,0.2843928337097168,-9.188830375671387,0.08825984597206116
2025-03-07 02:04:43.302084,320,240,20,20,8.735852914930728,-0.0010646508308127522,-0.003728023264557123,0.003728023264557123,0.2843928337097168,-9.188830375671387,0.10787314921617508
2025-03-07 02:04:43.340376,320,240,20,20,8.563490406743949,-0.005859069991856813,-0.009054767899215221,-0.0010646508308127522,0.2843928337097168,-9.188830375671387,0.10787314921617508
2025-03-07 02:04:43.378885,320,240,20,20,8.596722908322409,-0.004792673978954554,-0.009054767899215221,0.0021293016616255045,0.2843928337097168,-9.188830375671387,0.06864655017852783
2025-03-07 02:04:43.417487,320,240,20,20,8.503140403877477,-0.0005323254154063761,-0.004792673978954554,-0.0026616270188242197,0.3040061295032501,-9.188830375671387,0.10787314921617508
2025-03-07 02:04:43.454464,320,240,20,20,8.575067907293851,0.0,-0.0026616270188242197,-0.0021293016616255045,0.2843928337097168,-9.169217109680176,0.10787314921617508
2025-03-07 02:04:43.493229,320,240,20,20,8.622412909542618,-0.0031956976745277643,-0.004260348621755838,0.003728023264557123,0.26477953791618347,-9.208444595336914,0.08825984597206116
2025-03-07 02:04:43.530802,320,240,20,20,8.654137911049474,0.0031956976745277643,-0.012250465340912342,0.0021293016616255045,0.26477953791618347,-9.169217109680176,0.10787314921617508
2025-03-07 02:04:43.568842,320,240,20,20,8.607280408823863,0.0026616270188242197,0.0005323254154063761,0.0015969761880114675,0.2843928337097168,-9.169217109680176,0.08825984597206116
2025-03-07 02:04:43.605648,320,240,20,20,8.80784041834995,-0.0015969761880114675,-0.007988371886312962,-0.0005323254154063761,0.2843928337097168,-9.169217109680176,0.08825984597206116
2025-03-07 02:04:43.639003,320,240,20,20,8.627580409788061,-0.0026616270188242197,-0.012250465340912342,0.0010646508308127522,0.2843928337097168,-9.169217109680176,0.06864655017852783
2025-03-07 02:04:43.673626,320,240,20,20,8.639077910334162,0.0015969761880114675,-0.009587093256413937,0.004792673978954554,0.2843928337097168,-9.188830375671387,0.10787314921617508
2025-03-07 02:04:43.712267,320,240,20,20,8.679352912247122,-0.0015969761880114675,-0.004792673978954554,0.004260348621755838,0.2843928337097168,-9.169217109680176,0.08825984597206116
2025-03-07 02:04:43.749887,320,240,20,20,8.64742041073041,-0.0010646508308127522,-0.005324999336153269,0.0026616270188242197,0.2843928337097168,-9.169217109680176,0.10787314921617508
2025-03-07 02:04:43.787243,320,240,20,20,8.74301291527081,-0.0005323254154063761,-0.005859069991856813,0.0015969761880114675,0.2843928337097168,-9.188830375671387,0.08825984597206116
2025-03-07 02:04:43.823398,320,240,20,20,8.637890410277759,0.0021293016616255045,-0.004792673978954554,-0.0005323254154063761,0.2843928337097168,-9.188830375671387,0.08825984597206116
2025-03-07 02:04:43.855655,320,240,20,20,8.69866041316418,-0.0031956976745277643,-0.013847441412508488,0.0,0.2843928337097168,-9.188830375671387,0.08825984597206116
2025-03-07 02:04:43.886292,320,240,20,20,8.565952906860911,-0.0005323254154063761,-0.0026616270188242197,-0.0015969761880114675,0.2843928337097168,-9.169217109680176,0.10787314921617508
2025-03-07 02:04:43.916343,320,240,20,20,8.54207790572691,0.0021293016616255045,-0.012782790698111057,0.0021293016616255045,0.2843928337097168,-9.188830375671387,0.10787314921617508
2025-03-07 02:04:43.945853,320,240,20,20,8.526165404971106,0.0021293016616255045,-0.006391395349055529,0.0005323254154063761,0.2843928337097168,-9.188830375671387,0.08825984597206116
2025-03-07 02:04:43.975692,320,240,20,20,8.705452913486805,-0.0005323254154063761,-0.005859069991856813,0.0015969761880114675,0.2843928337097168,-9.188830375671387,0.10787314921617508
2025-03-07 02:04:44.005391,320,240,20,20,8.664262911530386,-0.004792673978954554,-0.0026616270188242197,0.0021293016616255045,0.2843928337097168,-9.169217109680176,0.08825984597206116
2025-03-07 02:04:44.045437,320,240,20,20,8.556677906420372,-0.0015969761880114675,-0.009587093256413937,0.0031956976745277643,0.2843928337097168,-9.188830375671387,0.08825984597206116
2025-03-07 02:04:44.083521,320,240,20,20,8.692695412880857,-0.0015969761880114675,0.0,0.0026616270188242197,0.2843928337097168,-9.169217109680176,0.10787314921617508
2025-03-07 02:04:44.119963,320,240,20,20,8.634862910133961,-0.0015969761880114675,-0.004260348621755838,0.0031956976745277643,0.3040061295032501,-9.169217109680176,0.10787314921617508
2025-03-07 02:04:44.158144,320,240,20,20,8.609875408947119,-0.003728023264557123,-0.005859069991856813,0.004260348621755838,0.2843928337097168,-9.188830375671387,0.10787314921617508
2025-03-07 02:04:44.200595,320,240,20,20,8.705250413477188,-0.0021293016616255045,-0.010119418613612652,0.0015969761880114675,0.3040061295032501,-9.169217109680176,0.08825984597206116
2025-03-07 02:04:44.241177,320,240,20,20,8.592307908112707,0.0005323254154063761,-0.008520697243511677,0.0031956976745277643,0.2843928337097168,-9.169217109680176,0.08825984597206116
2025-03-07 02:04:44.280329,320,240,20,20,8.715777913977217,-0.003728023264557123,-0.004260348621755838,0.0015969761880114675,0.2843928337097168,-9.208444595336914,0.08825984597206116
2025-03-07 02:04:44.320231,320,240,20,20,8.530962905198976,0.0031956976745277643,-0.0021293016616255045,0.0,0.2843928337097168,-9.188830375671387,0.08825984597206116
2025-03-07 02:04:44.357763,320,240,20,20,8.589152907962852,-0.0026616270188242197,-0.006923720706254244,0.005324999336153269,0.2843928337097168,-9.169217109680176,0.10787314921617508
2025-03-07 02:04:44.390505,320,240,20,20,8.555000406340696,0.0010646508308127522,-0.0026616270188242197,0.0031956976745277643,0.2843928337097168,-9.169217109680176,0.06864655017852783
2025-03-07 02:04:44.420546,320,240,20,20,8.61819040934206,-0.0021293016616255045,-0.009587093256413937,0.0,0.2843928337097168,-9.188830375671387,0.08825984597206116
2025-03-07 02:04:44.450065,320,240,20,20,8.571470407122979,0.0010646508308127522,-0.004260348621755838,0.0010646508308127522,0.2843928337097168,-9.169217109680176,0.10787314921617508
2025-03-07 02:04:44.479780,320,240,20,20,8.743975415316527,-0.003728023264557123,-0.0031956976745277643,0.0026616270188242197,0.2843928337097168,-9.188830375671387,0.10787314921617508
2025-03-07 02:04:44.509419,320,240,20,20,8.672092911902292,0.0021293016616255045,-0.006391395349055529,0.0010646508308127522,0.2843928337097168,-9.169217109680176,0.10787314921617508
2025-03-07 02:04:44.539037,320,240,20,20,8.715765413976623,-0.0021293016616255045,-0.006923720706254244,0.0005323254154063761,0.2843928337097168,-9.188830375671387,0.10787314921617508
2025-03-07 02:04:44.568747,320,240,20,20,8.593850408185972,0.0021293016616255045,-0.006923720706254244,0.003728023264557123,0.3040061295032501,-9.169217109680176,0.08825984597206116
2025-03-07 02:04:44.600674,320,240,20,20,8.673742911980662,-0.0010646508308127522,-0.005859069991856813,0.0005323254154063761,0.2843928337097168,-9.169217109680176,0.10787314921617508
2025-03-07 02:04:44.637737,320,240,20,20,8.583152907677867,-0.0015969761880114675,-0.004792673978954554,0.003728023264557123,0.2843928337097168,-9.188830375671387,0.10787314921617508
2025-03-07 02:04:44.668043,320,240,20,20,8.619880409422331,-0.0005323254154063761,-0.007456046529114246,0.0015969761880114675,0.2843928337097168,-9.188830375671387,0.10787314921617508
2025-03-07 02:04:44.705915,320,240,20,20,8.626927909757068,-0.0021293016616255045,-0.0021293016616255045,0.0026616270188242197,0.2843928337097168,-9.188830375671387,0.10787314921617508
2025-03-07 02:04:44.736901,320,240,20,20,8.649395410824217,-0.0031956976745277643,-0.0010646508308127522,0.006391395349055529,0.2843928337097168,-9.188830375671387,0.08825984597206116
2025-03-07 02:04:44.777113,320,240,20,20,8.666447911634169,-0.0021293016616255045,-0.005859069991856813,0.003728023264557123,0.2843928337097168,-9.169217109680176,0.08825984597206116
2025-03-07 02:04:44.816544,320,240,20,20,8.664795411555678,-0.006391395349055529,-0.0031956976745277643,0.0026616270188242197,0.2843928337097168,-9.169217109680176,0.10787314921617508
2025-03-07 02:04:44.854910,320,240,20,20,8.614087909147202,-0.003728023264557123,-0.003728023264557123,0.0021293016616255045,0.2843928337097168,-9.169217109680176,0.08825984597206116
2025-03-07 02:04:44.892963,320,240,20,20,8.727757914546237,-0.0015969761880114675,-0.003728023264557123,0.005324999336153269,0.2843928337097168,-9.188830375671387,0.08825984597206116
2025-03-07 02:04:44.927498,320,240,20,20,8.663312911485264,-0.004260348621755838,-0.005859069991856813,0.003728023264557123,0.2843928337097168,-9.188830375671387,0.08825984597206116
2025-03-07 02:04:44.958589,320,240,20,20,8.754847915832944,-0.003728023264557123,-0.003728023264557123,-0.0005323254154063761,0.3040061295032501,-9.188830375671387,0.08825984597206116
2025-03-07 02:04:44.993182,320,240,20,20,8.69941791320016,0.0010646508308127522,-0.008520697243511677,0.0026616270188242197,0.2843928337097168,-9.169217109680176,0.08825984597206116
2025-03-07 02:04:45.025054,320,240,20,20,8.504445403939462,-0.0021293016616255045,-0.004792673978954554,0.0021293016616255045,0.26477953791618347,-9.188830375671387,0.10787314921617508
2025-03-07 02:04:45.055410,320,240,20,20,8.552590406226226,0.0010646508308127522,-0.006923720706254244,0.0015969761880114675,0.2843928337097168,-9.188830375671387,0.08825984597206116
2025-03-07 02:04:45.085707,320,240,20,20,8.622655409554136,-0.0021293016616255045,-0.005859069991856813,0.0010646508308127522,0.3040061295032501,-9.188830375671387,0.10787314921617508
2025-03-07 02:04:45.115543,320,240,20,20,8.70080791326618,-0.0031956976745277643,-0.004260348621755838,0.0015969761880114675,0.2843928337097168,-9.188830375671387,0.08825984597206116
2025-03-07 02:04:45.145436,320,240,20,20,8.612867909089255,0.0005323254154063761,-0.006391395349055529,0.0005323254154063761,0.2843928337097168,-9.169217109680176,0.08825984597206116
2025-03-07 02:04:45.174800,320,240,20,20,8.696017913038668,0.0,-0.007988371886312962,0.0,0.2843928337097168,-9.188830375671387,0.10787314921617508
2025-03-07 02:04:45.204649,320,240,20,20,8.59622290829866,0.0,-0.0021293016616255045,0.005859069991856813,0.2843928337097168,-9.169217109680176,0.10787314921617508
2025-03-07 02:04:45.234607,320,240,20,20,8.640030410379405,-0.0031956976745277643,-0.008520697243511677,0.0021293016616255045,0.2843928337097168,-9.188830375671387,0.08825984597206116
2025-03-07 02:04:45.269039,320,240,20,20,8.64537291063316,0.0005323254154063761,-0.0010646508308127522,0.0015969761880114675,0.2843928337097168,-9.188830375671387,0.08825984597206116
2025-03-07 02:04:45.304853,320,240,20,20,8.57451290726749,-0.004260348621755838,-0.007988371886312962,0.0010646508308127522,0.2843928337097168,-9.188830375671387,0.10787314921617508
2025-03-07 02:04:45.335059,320,240,20,20,8.616197909247422,-0.0005323254154063761,-0.008520697243511677,0.0031956976745277643,0.2843928337097168,-9.188830375671387,0.08825984597206116
2025-03-07 02:04:45.369666,320,240,20,20,8.707955413605669,-0.0010646508308127522,-0.005324999336153269,0.0031956976745277643,0.2843928337097168,-9.188830375671387,0.06864655017852783
2025-03-07 02:04:45.401767,320,240,20,20,8.667312911675253,-0.003728023264557123,-0.007988371886312962,0.004260348621755838,0.2843928337097168,-9.188830375671387,0.08825984597206116
2025-03-07 02:04:45.436429,320,240,20,20,8.574197907252529,0.0,-0.005859069991856813,0.0015969761880114675,0.2843928337097168,-9.188830375671387,0.10787314921617508
2025-03-07 02:04:45.468520,320,240,20,20,8.664490411541191,-0.0010646508308127522,-0.011184069328010082,-0.0005323254154063761,0.3040061295032501,-9.169217109680176,0.10787314921617508
2025-03-07 02:04:45.502982,320,240,20,20,8.733140414801891,0.0,-0.009054767899215221,0.004792673978954554,0.2843928337097168,-9.188830375671387,0.08825984597206116
2025-03-07 02:04:45.535631,320,240,20,20,8.611195409009815,0.0,-0.004792673978954554,0.003728023264557123,0.2843928337097168,-9.169217109680176,0.08825984597206116
2025-03-07 02:04:45.570303,320,240,20,20,8.67161791187973,0.0026616270188242197,-0.007988371886312962,0.0026616270188242197,0.2843928337097168,-9.188830375671387,0.08825984597206116
2025-03-07 02:04:45.602078,320,240,20,20,8.684825412507053,0.003728023264557123,-0.004792673978954554,0.0005323254154063761,0.2843928337097168,-9.169217109680176,0.08825984597206116
2025-03-07 02:04:45.634981,320,240,20,20,8.591575408077915,-0.0010646508308127522,-0.0026616270188242197,0.0005323254154063761,0.2843928337097168,-9.149603843688965,0.06864655017852783
2025-03-07 02:04:45.669101,320,240,20,20,8.6050979087202,0.0005323254154063761,-0.0021293016616255045,0.0005323254154063761,0.2843928337097168,-9.188830375671387,0.08825984597206116
2025-03-07 02:04:45.704188,320,240,20,20,8.788695417440612,-0.0010646508308127522,-0.009587093256413937,0.005859069991856813,0.2843928337097168,-9.188830375671387,0.08825984597206116
2025-03-07 02:04:45.734434,320,240,20,20,8.579900407523382,-0.0015969761880114675,-0.0021293016616255045,0.0031956976745277643,0.2843928337097168,-9.188830375671387,0.08825984597206116
2025-03-07 02:04:45.771054,320,240,20,20,8.68536791253282,-0.0026616270188242197,-0.010119418613612652,0.0005323254154063761,0.2843928337097168,-9.169217109680176,0.08825984597206116
2025-03-07 02:04:45.800962,320,240,20,20,8.586107907818223,-0.0010646508308127522,-0.003728023264557123,0.006923720706254244,0.2843928337097168,-9.169217109680176,0.08825984597206116
2025-03-07 02:04:45.837263,320,240,20,20,8.594652908224088,-0.003728023264557123,-0.005324999336153269,0.0021293016616255045,0.2843928337097168,-9.169217109680176,0.127486452460289
2025-03-07 02:04:45.868577,320,240,20,20,8.611595409028814,-0.0031956976745277643,-0.004792673978954554,0.0026616270188242197,0.2843928337097168,-9.169217109680176,0.10787314921617508
2025-03-07 02:04:45.903556,320,240,20,20,8.62746290978248,-0.005324999336153269,-0.004260348621755838,0.0015969761880114675,0.2843928337097168,-9.188830375671387,0.08825984597206116
2025-03-07 02:04:45.934818,320,240,20,20,8.708822913646873,-0.003728023264557123,-0.006923720706254244,0.0010646508308127522,0.2843928337097168,-9.208444595336914,0.08825984597206116
2025-03-07 02:04:45.970609,320,240,20,20,8.654320411058142,-0.0015969761880114675,-0.005859069991856813,-0.0015969761880114675,0.2843928337097168,-9.169217109680176,0.06864655017852783
2025-03-07 02:04:46.001203,320,240,20,20,8.493015403396566,-0.0005323254154063761,-0.0031956976745277643,0.004260348621755838,0.2843928337097168,-9.188830375671387,0.08825984597206116
2025-03-07 02:04:46.041444,320,240,20,20,8.561902906668546,0.0005323254154063761,-0.008520697243511677,0.006391395349055529,0.2843928337097168,-9.188830375671387,0.08825984597206116
2025-03-07 02:04:46.071212,320,240,20,20,8.576322907353461,-0.005859069991856813,-0.009054767899215221,0.004260348621755838,0.3040061295032501,-9.169217109680176,0.127486452460289
2025-03-07 02:04:46.101234,320,240,20,20,8.690447912774108,-0.004792673978954554,-0.008520697243511677,0.0015969761880114675,0.2843928337097168,-9.188830375671387,0.10787314921617508
2025-03-07 02:04:46.139958,320,240,20,20,8.724837914407544,-0.0005323254154063761,-0.005859069991856813,0.0031956976745277643,0.2843928337097168,-9.169217109680176,0.08825984597206116
2025-03-07 02:04:46.169735,320,240,20,20,8.612385409066338,-0.0015969761880114675,-0.003728023264557123,-0.0015969761880114675,0.2843928337097168,-9.169217109680176,0.08825984597206116
2025-03-07 02:04:46.201724,320,240,20,20,8.702815413361531,0.0005323254154063761,-0.004792673978954554,0.003728023264557123,0.26477953791618347,-9.188830375671387,0.10787314921617508
2025-03-07 02:04:46.237479,320,240,20,20,8.623517909595103,0.0021293016616255045,-0.006923720706254244,0.0026616270188242197,0.2843928337097168,-9.169217109680176,0.10787314921617508
2025-03-07 02:04:46.269257,320,240,20,20,8.579762907516852,0.0010646508308127522,-0.006923720706254244,0.0031956976745277643,0.3040061295032501,-9.169217109680176,0.10787314921617508
2025-03-07 02:04:46.302863,320,240,20,20,8.672442911918916,0.0,-0.004260348621755838,0.0031956976745277643,0.2843928337097168,-9.169217109680176,0.10787314921617508
2025-03-07 02:04:46.335629,320,240,20,20,8.647625410740147,-0.0026616270188242197,-0.0026616270188242197,0.005859069991856813,0.2843928337097168,-9.169217109680176,0.10787314921617508
2025-03-07 02:04:46.370489,320,240,20,20,8.546005405913457,-0.0005323254154063761,-0.008520697243511677,-0.0005323254154063761,0.2843928337097168,-9.188830375671387,0.08825984597206116
2025-03-07 02:04:46.402668,320,240,20,20,8.613927909139601,-0.0005323254154063761,-0.009054767899215221,0.004260348621755838,0.3040061295032501,-9.169217109680176,0.08825984597206116
2025-03-07 02:04:46.436763,320,240,20,20,8.69072291278717,0.0005323254154063761,-0.0021293016616255045,0.0031956976745277643,0.2843928337097168,-9.188830375671387,0.10787314921617508
2025-03-07 02:04:46.469781,320,240,20,20,8.619000409380533,0.0015969761880114675,-0.0021293016616255045,0.003728023264557123,0.2843928337097168,-9.169217109680176,0.08825984597206116
2025-03-07 02:04:46.502423,320,240,20,20,8.673297911959526,-0.0026616270188242197,-0.006391395349055529,0.0015969761880114675,0.2843928337097168,-9.188830375671387,0.08825984597206116
2025-03-07 02:04:46.537930,320,240,20,20,8.694712912976684,-0.0005323254154063761,-0.0021293016616255045,0.0031956976745277643,0.2843928337097168,-9.188830375671387,0.08825984597206116
2025-03-07 02:04:46.568423,320,240,20,20,8.660442911348946,0.0,-0.0026616270188242197,0.004260348621755838,0.26477953791618347,-9.188830375671387,0.08825984597206116
2025-03-07 02:04:46.606134,320,240,20,20,8.677217912145716,-0.003728023264557123,-0.004260348621755838,0.0015969761880114675,0.2843928337097168,-9.169217109680176,0.10787314921617508
2025-03-07 02:04:46.636512,320,240,20,20,8.528495405081776,-0.0021293016616255045,-0.006391395349055529,0.0010646508308127522,0.2843928337097168,-9.169217109680176,0.10787314921617508
2025-03-07 02:04:46.670573,320,240,20,20,8.523317904835858,-0.0026616270188242197,-0.006923720706254244,0.0015969761880114675,0.2843928337097168,-9.188830375671387,0.10787314921617508
2025-03-07 02:04:46.702473,320,240,20,20,8.769940416549797,0.0005323254154063761,-0.003728023264557123,0.0021293016616255045,0.3040061295032501,-9.169217109680176,0.06864655017852783
2025-03-07 02:04:46.738698,320,240,20,20,8.59009040800738,0.0005323254154063761,-0.005859069991856813,-0.0010646508308127522,0.2843928337097168,-9.188830375671387,0.08825984597206116
2025-03-07 02:04:46.770037,320,240,20,20,8.675902912083256,0.0,-0.004260348621755838,0.0031956976745277643,0.2843928337097168,-9.169217109680176,0.10787314921617508
2025-03-07 02:04:46.805679,320,240,20,20,8.58334540768701,-0.0021293016616255045,-0.004260348621755838,0.004260348621755838,0.2843928337097168,-9.188830375671387,0.10787314921617508
2025-03-07 02:04:46.836350,320,240,20,20,8.657495411208947,-0.0031956976745277643,-0.010651743970811367,0.0021293016616255045,0.2843928337097168,-9.169217109680176,0.10787314921617508
2025-03-07 02:04:46.871514,320,240,20,20,8.678537912208412,-0.0021293016616255045,-0.010119418613612652,0.0026616270188242197,0.3040061295032501,-9.169217109680176,0.06864655017852783
2025-03-07 02:04:46.902289,320,240,20,20,8.692095412852359,-0.0005323254154063761,-0.005859069991856813,0.003728023264557123,0.2843928337097168,-9.188830375671387,0.08825984597206116
2025-03-07 02:04:46.941321,320,240,20,20,8.6882729126708,-0.003728023264557123,0.0015969761880114675,0.0005323254154063761,0.2843928337097168,-9.188830375671387,0.08825984597206116
2025-03-07 02:04:46.971772,320,240,20,20,8.662100411427673,-0.0005323254154063761,-0.006923720706254244,0.004260348621755838,0.2843928337097168,-9.169217109680176,0.08825984597206116
2025-03-07 02:04:47.001440,320,240,20,20,8.641837910465256,0.0026616270188242197,-0.010119418613612652,0.0005323254154063761,0.2843928337097168,-9.169217109680176,0.10787314921617508
2025-03-07 02:04:47.040696,320,240,20,20,8.782137917129148,0.0005323254154063761,-0.010651743970811367,0.0015969761880114675,0.2843928337097168,-9.169217109680176,0.08825984597206116
2025-03-07 02:04:47.073012,320,240,20,20,8.61387290913699,-0.0031956976745277643,-0.010119418613612652,0.0031956976745277643,0.2843928337097168,-9.188830375671387,0.10787314921617508
2025-03-07 02:04:47.102621,320,240,20,20,8.655237911101722,-0.0021293016616255045,-0.007456046529114246,0.0015969761880114675,0.26477953791618347,-9.169217109680176,0.08825984597206116
2025-03-07 02:04:47.136379,320,240,20,20,8.615872909231985,-0.004260348621755838,-0.007456046529114246,0.003728023264557123,0.2843928337097168,-9.188830375671387,0.10787314921617508
2025-03-07 02:04:47.170438,320,240,20,20,8.642580410500523,0.0005323254154063761,-0.005324999336153269,0.0026616270188242197,0.3040061295032501,-9.169217109680176,0.06864655017852783
2025-03-07 02:04:47.205137,320,240,20,20,8.64787791075214,-0.0015969761880114675,-0.011184069328010082,0.004260348621755838,0.2843928337097168,-9.188830375671387,0.08825984597206116
2025-03-07 02:04:47.235335,320,240,20,20,8.542010405723705,-0.005859069991856813,-0.005324999336153269,0.0015969761880114675,0.2843928337097168,-9.188830375671387,0.10787314921617508
2025-03-07 02:04:47.274050,320,240,20,20,8.638285410296522,-0.0021293016616255045,-0.006391395349055529,0.0031956976745277643,0.26477953791618347,-9.188830375671387,0.08825984597206116
2025-03-07 02:04:47.304378,320,240,20,20,8.591280408063904,0.0021293016616255045,-0.006923720706254244,0.0021293016616255045,0.2843928337097168,-9.188830375671387,0.08825984597206116
2025-03-07 02:04:47.335502,320,240,20,20,8.709707913688908,-0.0010646508308127522,-0.0010646508308127522,0.0026616270188242197,0.26477953791618347,-9.188830375671387,0.10787314921617508
2025-03-07 02:04:47.372241,320,240,20,20,8.641852910465968,0.0,-0.0031956976745277643,0.004260348621755838,0.3040061295032501,-9.188830375671387,0.10787314921617508
2025-03-07 02:04:47.403033,320,240,20,20,8.691447912821605,-0.0015969761880114675,-0.006923720706254244,0.004792673978954554,0.2843928337097168,-9.188830375671387,0.06864655017852783
2025-03-07 02:04:47.437114,320,240,20,20,8.513495404369314,-0.004260348621755838,-0.0015969761880114675,0.0031956976745277643,0.3040061295032501,-9.169217109680176,0.08825984597206116
2025-03-07 02:04:47.471456,320,240,20,20,8.612335409063963,-0.0015969761880114675,-0.009054767899215221,0.0021293016616255045,0.2843928337097168,-9.188830375671387,0.08825984597206116
2025-03-07 02:04:47.501965,320,240,20,20,8.74585791540594,-0.0026616270188242197,-0.007456046529114246,0.0031956976745277643,0.2843928337097168,-9.188830375671387,0.06864655017852783
2025-03-07 02:04:47.538114,320,240,20,20,8.58780540789885,-0.004260348621755838,-0.005324999336153269,0.003728023264557123,0.3040061295032501,-9.169217109680176,0.08825984597206116
2025-03-07 02:04:47.568899,320,240,20,20,8.668020411708858,0.0005323254154063761,-0.006391395349055529,0.0010646508308127522,0.2843928337097168,-9.188830375671387,0.10787314921617508
2025-03-07 02:04:47.604912,320,240,20,20,8.547152905967959,-0.0010646508308127522,-0.006923720706254244,0.0,0.2843928337097168,-9.188830375671387,0.08825984597206116
2025-03-07 02:04:47.635992,320,240,20,20,8.603830408659997,-0.0026616270188242197,-0.006391395349055529,0.0010646508308127522,0.2843928337097168,-9.188830375671387,0.10787314921617508
2025-03-07 02:04:47.673557,320,240,20,20,8.635372910158186,-0.0005323254154063761,-0.005324999336153269,0.0005323254154063761,0.2843928337097168,-9.169217109680176,0.10787314921617508
2025-03-07 02:04:47.714106,320,240,20,20,8.720970414223848,-0.0026616270188242197,-0.006923720706254244,0.0026616270188242197,0.3040061295032501,-9.188830375671387,0.08825984597206116
2025-03-07 02:04:47.752268,320,240,20,20,8.638375410300796,-0.003728023264557123,-0.005324999336153269,0.0026616270188242197,0.2843928337097168,-9.188830375671387,0.08825984597206116
2025-03-07 02:04:47.791095,320,240,20,20,8.658872911274376,0.0,-0.007456046529114246,0.0015969761880114675,0.2843928337097168,-9.188830375671387,0.10787314921617508
2025-03-07 02:04:47.832635,320,240,20,20,8.584890407760394,-0.0021293016616255045,-0.009054767899215221,0.003728023264557123,0.2843928337097168,-9.169217109680176,0.08825984597206116
2025-03-07 02:04:47.870553,320,240,20,20,8.578025407434325,0.0,-0.004260348621755838,0.0005323254154063761,0.2843928337097168,-9.169217109680176,0.06864655017852783
2025-03-07 02:04:47.909422,320,240,20,20,8.691910412843573,0.0,-0.006391395349055529,0.004792673978954554,0.2843928337097168,-9.169217109680176,0.08825984597206116
2025-03-07 02:04:47.945082,320,240,20,20,8.635995410187752,-0.0015969761880114675,-0.003728023264557123,0.004260348621755838,0.3040061295032501,-9.188830375671387,0.10787314921617508
2025-03-07 02:04:47.976020,320,240,20,20,8.523190404829801,-0.0021293016616255045,-0.005324999336153269,0.0021293016616255045,0.2843928337097168,-9.188830375671387,0.08825984597206116
2025-03-07 02:04:48.005848,320,240,20,20,8.693995412942604,0.0021293016616255045,-0.004260348621755838,0.0015969761880114675,0.2843928337097168,-9.169217109680176,0.08825984597206116
2025-03-07 02:04:48.035663,320,240,20,20,8.715740413975436,-0.0031956976745277643,-0.007988371886312962,0.0031956976745277643,0.2843928337097168,-9.169217109680176,0.10787314921617508
2025-03-07 02:04:48.070999,320,240,20,20,8.67665041211876,-0.0031956976745277643,-0.005859069991856813,0.0005323254154063761,0.2843928337097168,-9.188830375671387,0.08825984597206116
2025-03-07 02:04:48.104983,320,240,20,20,8.583205407680362,0.0,-0.005324999336153269,-0.0021293016616255045,0.2843928337097168,-9.188830375671387,0.08825984597206116
2025-03-07 02:04:48.136139,320,240,20,20,8.595620408270042,-0.0031956976745277643,-0.0021293016616255045,0.0031956976745277643,0.2843928337097168,-9.169217109680176,0.06864655017852783
2025-03-07 02:04:48.172664,320,240,20,20,8.621677909507707,0.0010646508308127522,-0.004792673978954554,0.0,0.2843928337097168,-9.169217109680176,0.08825984597206116
2025-03-07 02:04:48.204217,320,240,20,20,8.672835411937559,-0.0031956976745277643,-0.004260348621755838,0.004260348621755838,0.2843928337097168,-9.188830375671387,0.08825984597206116
2025-03-07 02:04:48.237043,320,240,20,20,8.513030404347228,-0.0005323254154063761,-0.008520697243511677,0.005324999336153269,0.2843928337097168,-9.188830375671387,0.08825984597206116
2025-03-07 02:04:48.271202,320,240,20,20,8.686220412573311,0.0010646508308127522,-0.008520697243511677,0.0010646508308127522,0.2843928337097168,-9.169217109680176,0.08825984597206116
2025-03-07 02:04:48.303483,320,240,20,20,8.613887909137702,-0.0031956976745277643,-0.003728023264557123,0.005324999336153269,0.3040061295032501,-9.188830375671387,0.06864655017852783
2025-03-07 02:04:48.338145,320,240,20,20,8.562407906692533,-0.0005323254154063761,-0.007456046529114246,-0.0026616270188242197,0.2843928337097168,-9.188830375671387,0.08825984597206116
2025-03-07 02:04:48.369234,320,240,20,20,8.704872913459258,-0.0031956976745277643,-0.005859069991856813,0.0021293016616255045,0.3040061295032501,-9.169217109680176,0.10787314921617508
2025-03-07 02:04:48.405808,320,240,20,20,8.731525414725184,-0.0015969761880114675,-0.003728023264557123,0.006923720706254244,0.2843928337097168,-9.188830375671387,0.10787314921617508
2025-03-07 02:04:48.436117,320,240,20,20,8.631632909980544,0.0021293016616255045,-0.008520697243511677,0.005859069991856813,0.3040061295032501,-9.188830375671387,0.08825984597206116
2025-03-07 02:04:48.475389,320,240,20,20,8.627830409799936,-0.003728023264557123,-0.009587093256413937,0.0026616270188242197,0.2843928337097168,-9.188830375671387,0.08825984597206116
2025-03-07 02:04:48.506857,320,240,20,20,8.75431791580777,-0.003728023264557123,-0.009587093256413937,0.004260348621755838,0.2843928337097168,-9.169217109680176,0.08825984597206116
2025-03-07 02:04:48.536759,320,240,20,20,8.626057909715746,-0.003728023264557123,-0.0015969761880114675,0.004260348621755838,0.2843928337097168,-9.188830375671387,0.08825984597206116
2025-03-07 02:04:48.569973,320,240,20,20,8.57630540735263,0.0010646508308127522,-0.003728023264557123,0.0031956976745277643,0.2843928337097168,-9.188830375671387,0.06864655017852783
2025-03-07 02:04:48.604473,320,240,20,20,8.591490408073877,-0.0031956976745277643,-0.006391395349055529,0.0031956976745277643,0.2843928337097168,-9.169217109680176,0.10787314921617508
2025-03-07 02:04:48.636115,320,240,20,20,8.636922910231807,-0.0021293016616255045,-0.009587093256413937,0.0015969761880114675,0.2843928337097168,-9.188830375671387,0.10787314921617508
2025-03-07 02:04:48.673473,320,240,20,20,8.611730409035227,-0.0031956976745277643,-0.006923720706254244,0.0026616270188242197,0.3040061295032501,-9.169217109680176,0.08825984597206116
2025-03-07 02:04:48.704284,320,240,20,20,8.606000408763066,0.0,-0.005324999336153269,0.004260348621755838,0.2843928337097168,-9.169217109680176,0.08825984597206116
2025-03-07 02:04:48.737100,320,240,20,20,8.638405410302221,-0.0031956976745277643,-0.006923720706254244,0.004260348621755838,0.2843928337097168,-9.188830375671387,0.10787314921617508
2025-03-07 02:04:48.771916,320,240,20,20,8.66837541172572,0.0010646508308127522,-0.005859069991856813,0.0026616270188242197,0.2843928337097168,-9.188830375671387,0.10787314921617508
2025-03-07 02:04:48.803445,320,240,20,20,8.684687912500522,-0.003728023264557123,-0.009054767899215221,0.003728023264557123,0.2843928337097168,-9.169217109680176,0.10787314921617508
2025-03-07 02:04:48.839518,320,240,20,20,8.703265413382905,-0.0015969761880114675,-0.011718139983713627,-0.0010646508308127522,0.2843928337097168,-9.188830375671387,0.08825984597206116
2025-03-07 02:04:48.870125,320,240,20,20,8.650030410854379,-0.0021293016616255045,-0.007456046529114246,0.0015969761880114675,0.3040061295032501,-9.169217109680176,0.08825984597206116
2025-03-07 02:04:48.909981,320,240,20,20,8.590330408018781,0.0010646508308127522,-0.003728023264557123,0.004260348621755838,0.2843928337097168,-9.169217109680176,0.06864655017852783
2025-03-07 02:04:48.949694,320,240,20,20,8.617102909290406,-0.0010646508308127522,-0.004792673978954554,0.0010646508308127522,0.26477953791618347,-9.188830375671387,0.08825984597206116
2025-03-07 02:04:48.993549,320,240,20,20,8.600755408513942,0.0026616270188242197,-0.006391395349055529,0.0026616270188242197,0.2843928337097168,-9.188830375671387,0.08825984597206116
2025-03-07 02:04:49.037019,320,240,20,20,8.574860407283996,-0.0015969761880114675,-0.006923720706254244,0.0015969761880114675,0.2843928337097168,-9.169217109680176,0.127486452460289
2025-03-07 02:04:49.078667,320,240,20,20,8.613740409130695,-0.006391395349055529,-0.007988371886312962,0.0021293016616255045,0.2843928337097168,-9.169217109680176,0.08825984597206116
2025-03-07 02:04:49.117477,320,240,20,20,8.679607912259234,-0.0005323254154063761,-0.007456046529114246,0.0015969761880114675,0.2843928337097168,-9.188830375671387,0.08825984597206116
2025-03-07 02:04:49.156076,320,240,20,20,8.657552911211678,-0.0026616270188242197,-0.005324999336153269,0.0015969761880114675,0.2843928337097168,-9.188830375671387,0.08825984597206116
2025-03-07 02:04:49.194157,320,240,20,20,8.65693541118235,-0.004260348621755838,-0.0031956976745277643,0.0015969761880114675,0.2843928337097168,-9.188830375671387,0.10787314921617508
2025-03-07 02:04:49.232437,320,240,20,20,8.63998041037703,-0.0021293016616255045,-0.004792673978954554,0.003728023264557123,0.2843928337097168,-9.188830375671387,0.08825984597206116
2025-03-07 02:04:49.273231,320,240,20,20,8.648145410764846,-0.0005323254154063761,-0.0010646508308127522,0.0005323254154063761,0.3040061295032501,-9.188830375671387,0.10787314921617508
2025-03-07 02:04:49.310758,320,240,20,20,8.542220405733678,0.0026616270188242197,-0.0031956976745277643,0.0015969761880114675,0.2843928337097168,-9.169217109680176,0.06864655017852783
2025-03-07 02:04:49.351177,320,240,20,20,8.705280413478613,-0.004260348621755838,-0.008520697243511677,0.0,0.2843928337097168,-9.188830375671387,0.08825984597206116
2025-03-07 02:04:49.388475,320,240,20,20,8.627617909789842,-0.0026616270188242197,-0.008520697243511677,0.0010646508308127522,0.2843928337097168,-9.169217109680176,0.10787314921617508
2025-03-07 02:04:49.431301,320,240,20,20,8.681352912342117,-0.0010646508308127522,-0.003728023264557123,0.0026616270188242197,0.2843928337097168,-9.169217109680176,0.10787314921617508
2025-03-07 02:04:49.470982,320,240,20,20,8.662422911442992,-0.0015969761880114675,-0.0015969761880114675,-0.0010646508308127522,0.2843928337097168,-9.169217109680176,0.10787314921617508
2025-03-07 02:04:49.508649,320,240,20,20,8.622640409553423,0.0010646508308127522,-0.006391395349055529,0.0026616270188242197,0.2843928337097168,-9.188830375671387,0.06864655017852783
2025-03-07 02:04:49.546755,320,240,20,20,8.669082911759324,-0.0021293016616255045,-0.008520697243511677,0.003728023264557123,0.3040061295032501,-9.169217109680176,0.08825984597206116
2025-03-07 02:04:49.581871,320,240,20,20,8.603202908630191,-0.006391395349055529,-0.004792673978954554,0.003728023264557123,0.2843928337097168,-9.188830375671387,0.10787314921617508
2025-03-07 02:04:49.612615,320,240,20,20,8.547742905995984,-0.0021293016616255045,-0.007456046529114246,0.0,0.2843928337097168,-9.188830375671387,0.08825984597206116
2025-03-07 02:04:49.642562,320,240,20,20,8.612510409072275,-0.0026616270188242197,-0.009587093256413937,0.004260348621755838,0.2843928337097168,-9.188830375671387,0.08825984597206116
2025-03-07 02:04:49.672388,320,240,20,20,8.739080415084027,0.0010646508308127522,-0.006391395349055529,0.004792673978954554,0.2843928337097168,-9.188830375671387,0.10787314921617508
2025-03-07 02:04:49.702745,320,240,20,20,8.604352908684813,-0.0031956976745277643,-0.009587093256413937,0.0,0.3040061295032501,-9.188830375671387,0.10787314921617508
2025-03-07 02:04:49.738741,320,240,20,20,8.634025410094182,0.0015969761880114675,-0.010651743970811367,0.004260348621755838,0.2843928337097168,-9.188830375671387,0.08825984597206116
2025-03-07 02:04:49.769857,320,240,20,20,8.640282910391397,0.0,-0.006391395349055529,0.0005323254154063761,0.3040061295032501,-9.169217109680176,0.127486452460289
2025-03-07 02:04:49.806214,320,240,20,20,8.660127911333984,-0.003728023264557123,-0.007456046529114246,0.0010646508308127522,0.2843928337097168,-9.169217109680176,0.10787314921617508
2025-03-07 02:04:49.836326,320,240,20,20,8.6419104104687,-0.005324999336153269,-0.009587093256413937,-0.0021293016616255045,0.2843928337097168,-9.188830375671387,0.08825984597206116
2025-03-07 02:04:49.874194,320,240,20,20,8.752765415734029,-0.0015969761880114675,-0.007988371886312962,0.003728023264557123,0.3040061295032501,-9.169217109680176,0.08825984597206116
2025-03-07 02:04:49.905745,320,240,20,20,8.694550412968965,0.0031956976745277643,-0.007456046529114246,0.0015969761880114675,0.2843928337097168,-9.169217109680176,0.08825984597206116
2025-03-07 02:04:49.936234,320,240,20,20,8.602187908581982,0.0015969761880114675,-0.004792673978954554,0.0010646508308127522,0.2843928337097168,-9.188830375671387,0.10787314921617508
2025-03-07 02:04:49.978721,320,240,20,20,8.66268541145546,0.0010646508308127522,-0.007456046529114246,0.004260348621755838,0.2843928337097168,-9.188830375671387,0.10787314921617508
2025-03-07 02:04:50.018710,320,240,20,20,8.658600411261432,-0.0010646508308127522,-0.009054767899215221,0.005324999336153269,0.2843928337097168,-9.188830375671387,0.10787314921617508
2025-03-07 02:04:50.056469,320,240,20,20,8.674220412003342,0.0005323254154063761,-0.004260348621755838,0.004792673978954554,0.2843928337097168,-9.188830375671387,0.10787314921617508
2025-03-07 02:04:50.096787,320,240,20,20,8.636095410192501,-0.0010646508308127522,-0.008520697243511677,0.0010646508308127522,0.2843928337097168,-9.169217109680176,0.08825984597206116
2025-03-07 02:04:50.135131,320,240,20,20,8.634035410094658,0.0,-0.003728023264557123,0.0031956976745277643,0.3040061295032501,-9.188830375671387,0.06864655017852783
2025-03-07 02:04:50.165764,320,240,20,20,8.62412040962372,-0.0010646508308127522,-0.010119418613612652,0.0021293016616255045,0.2843928337097168,-9.188830375671387,0.08825984597206116
2025-03-07 02:04:50.195780,320,240,20,20,8.56771040694439,-0.0005323254154063761,-0.0021293016616255045,-0.0005323254154063761,0.3040061295032501,-9.188830375671387,0.10787314921617508
2025-03-07 02:04:50.225891,320,240,20,20,8.600362908495299,-0.0010646508308127522,-0.005859069991856813,0.0031956976745277643,0.2843928337097168,-9.188830375671387,0.10787314921617508
2025-03-07 02:04:50.255872,320,240,20,20,8.66047541135049,-0.0015969761880114675,-0.004792673978954554,0.0010646508308127522,0.2843928337097168,-9.188830375671387,0.08825984597206116
2025-03-07 02:04:50.285543,320,240,20,20,8.730037914654531,-0.0026616270188242197,-0.007988371886312962,0.004260348621755838,0.3040061295032501,-9.169217109680176,0.10787314921617508
2025-03-07 02:04:50.315749,320,240,20,20,8.706362913530029,-0.0005323254154063761,-0.0015969761880114675,0.005324999336153269,0.2843928337097168,-9.188830375671387,0.08825984597206116
2025-03-07 02:04:50.345780,320,240,20,20,8.627580409788061,-0.0026616270188242197,-0.005859069991856813,0.003728023264557123,0.2843928337097168,-9.188830375671387,0.10787314921617508
2025-03-07 02:04:50.382918,320,240,20,20,8.58933790797164,0.0026616270188242197,0.0,0.004260348621755838,0.2843928337097168,-9.169217109680176,0.10787314921617508
2025-03-07 02:04:50.426700,320,240,20,20,8.671047911852657,-0.0026616270188242197,-0.006923720706254244,0.0015969761880114675,0.2843928337097168,-9.188830375671387,0.08825984597206116
2025-03-07 02:04:50.469860,320,240,20,20,8.671977911896828,-0.004792673978954554,-0.004260348621755838,0.0015969761880114675,0.2843928337097168,-9.188830375671387,0.06864655017852783
2025-03-07 02:04:50.510394,320,240,20,20,8.66724041167181,0.0,-0.004792673978954554,0.004260348621755838,0.2843928337097168,-9.149603843688965,0.08825984597206116
2025-03-07 02:04:50.552536,320,240,20,20,8.678557912209362,-0.005324999336153269,-0.006391395349055529,0.0005323254154063761,0.3040061295032501,-9.169217109680176,0.08825984597206116
2025-03-07 02:04:50.596006,320,240,20,20,8.66194791142043,0.0005323254154063761,-0.007988371886312962,0.004792673978954554,0.2843928337097168,-9.169217109680176,0.08825984597206116
2025-03-07 02:04:50.639410,320,240,20,20,8.646125410668901,-0.004792673978954554,-0.004792673978954554,0.0015969761880114675,0.2843928337097168,-9.188830375671387,0.08825984597206116
2025-03-07 02:04:50.683867,320,240,20,20,8.677927912179438,-0.004260348621755838,-0.007456046529114246,0.0026616270188242197,0.2843928337097168,-9.188830375671387,0.08825984597206116
2025-03-07 02:04:50.726457,320,240,20,20,8.594972908239289,0.003728023264557123,-0.006391395349055529,-0.0005323254154063761,0.2843928337097168,-9.188830375671387,0.10787314921617508
2025-03-07 02:04:50.767885,320,240,20,20,8.597222908346158,0.0,0.0015969761880114675,0.0,0.2843928337097168,-9.188830375671387,0.10787314921617508
2025-03-07 02:04:50.809554,320,240,20,20,8.505232903976866,-0.005859069991856813,-0.006923720706254244,0.0021293016616255045,0.2843928337097168,-9.188830375671387,0.10787314921617508
2025-03-07 02:04:50.850957,320,240,20,20,8.52898290510493,-0.0015969761880114675,-0.006923720706254244,0.0005323254154063761,0.2843928337097168,-9.188830375671387,0.08825984597206116
2025-03-07 02:04:50.888965,320,240,20,20,8.65840291125205,-0.0021293016616255045,-0.006923720706254244,0.005859069991856813,0.2843928337097168,-9.188830375671387,0.06864655017852783
2025-03-07 02:04:50.931899,320,240,20,20,8.630400409922004,0.0,-0.0026616270188242197,0.0,0.2843928337097168,-9.169217109680176,0.08825984597206116
2025-03-07 02:04:50.976328,320,240,20,20,8.634720410127192,0.0031956976745277643,-0.007988371886312962,0.003728023264557123,0.2843928337097168,-9.169217109680176,0.10787314921617508
2025-03-07 02:04:51.024403,320,240,20,20,8.625717909699597,-0.0021293016616255045,-0.010651743970811367,-0.0026616270188242197,0.3040061295032501,-9.169217109680176,0.08825984597206116
2025-03-07 02:04:51.084823,320,240,20,20,8.688062912660826,-0.0021293016616255045,-0.010651743970811367,0.0026616270188242197,0.2843928337097168,-9.188830375671387,0.08825984597206116
2025-03-07 02:04:51.142338,320,240,20,20,8.552412906217796,-0.0021293016616255045,-0.004792673978954554,0.0005323254154063761,0.2843928337097168,-9.169217109680176,0.08825984597206116
2025-03-07 02:04:51.184730,320,240,20,20,8.653007910995802,-0.004260348621755838,-0.004260348621755838,0.004792673978954554,0.3040061295032501,-9.188830375671387,0.08825984597206116
2025-03-07 02:04:51.225193,320,240,20,20,8.635052910142985,0.0,-0.006923720706254244,-0.0031956976745277643,0.2843928337097168,-9.188830375671387,0.08825984597206116
2025-03-07 02:04:51.265073,320,240,20,20,8.599920408474281,0.0,-0.0031956976745277643,0.0005323254154063761,0.2843928337097168,-9.169217109680176,0.08825984597206116
2025-03-07 02:04:51.303969,320,240,20,20,8.66769791169354,-0.0005323254154063761,-0.003728023264557123,0.0026616270188242197,0.3040061295032501,-9.188830375671387,0.08825984597206116
2025-03-07 02:04:51.342418,320,240,20,20,8.605997908762948,-0.0026616270188242197,-0.004792673978954554,0.003728023264557123,0.2843928337097168,-9.169217109680176,0.08825984597206116
2025-03-07 02:04:51.384129,320,240,20,20,8.649957910850935,-0.005324999336153269,-0.011184069328010082,0.009054767899215221,0.2843928337097168,-9.188830375671387,0.08825984597206116
2025-03-07 02:04:51.423691,320,240,20,20,8.648730410792632,-0.0005323254154063761,-0.005859069991856813,-0.0010646508308127522,0.2843928337097168,-9.169217109680176,0.08825984597206116
2025-03-07 02:04:51.461642,320,240,20,20,8.54396790581668,-0.005324999336153269,-0.0021293016616255045,0.0031956976745277643,0.26477953791618347,-9.169217109680176,0.06864655017852783
2025-03-07 02:04:51.500658,320,240,20,20,8.687232912621402,0.005859069991856813,-0.007456046529114246,0.0005323254154063761,0.2843928337097168,-9.188830375671387,0.08825984597206116
2025-03-07 02:04:51.536386,320,240,20,20,8.741027915176527,-0.004792673978954554,-0.011184069328010082,-0.0005323254154063761,0.2843928337097168,-9.169217109680176,0.06864655017852783
2025-03-07 02:04:51.576052,320,240,20,20,8.58806290791108,0.0,-0.005859069991856813,0.0026616270188242197,0.2843928337097168,-9.169217109680176,0.10787314921617508
2025-03-07 02:04:51.616083,320,240,20,20,8.60483790870785,0.0010646508308127522,-0.0026616270188242197,0.0015969761880114675,0.2843928337097168,-9.188830375671387,0.08825984597206116
2025-03-07 02:04:51.656682,320,240,20,20,8.630105409907992,-0.006923720706254244,-0.003728023264557123,0.0026616270188242197,0.3040061295032501,-9.188830375671387,0.08825984597206116
2025-03-07 02:04:51.695743,320,240,20,20,8.543700405803975,-0.003728023264557123,-0.004792673978954554,0.0031956976745277643,0.3040061295032501,-9.188830375671387,0.08825984597206116
2025-03-07 02:04:51.734505,320,240,20,20,8.713277913858473,0.0,-0.006923720706254244,0.0015969761880114675,0.26477953791618347,-9.188830375671387,0.10787314921617508
2025-03-07 02:04:51.769739,320,240,20,20,8.731900414742995,0.0005323254154063761,-0.006391395349055529,0.006923720706254244,0.2843928337097168,-9.188830375671387,0.10787314921617508
2025-03-07 02:04:51.808916,320,240,20,20,8.68415541247523,-0.0005323254154063761,-0.005859069991856813,-0.0021293016616255045,0.2843928337097168,-9.169217109680176,0.08825984597206116
2025-03-07 02:04:51.846008,320,240,20,20,8.684410412487342,0.0005323254154063761,-0.0026616270188242197,0.0010646508308127522,0.2843928337097168,-9.188830375671387,0.06864655017852783
2025-03-07 02:04:51.885629,320,240,20,20,8.627257909772743,-0.0015969761880114675,0.0,0.0005323254154063761,0.2843928337097168,-9.169217109680176,0.10787314921617508
2025-03-07 02:04:51.923718,320,240,20,20,8.563920406764373,0.0026616270188242197,-0.010119418613612652,0.0005323254154063761,0.3040061295032501,-9.169217109680176,0.10787314921617508
2025-03-07 02:04:51.957232,320,240,20,20,8.734235414853902,-0.004792673978954554,-0.0031956976745277643,-0.0005323254154063761,0.2843928337097168,-9.188830375671387,0.08825984597206116
2025-03-07 02:04:51.987862,320,240,20,20,8.589842907995626,0.0,-0.003728023264557123,0.0015969761880114675,0.2843928337097168,-9.169217109680176,0.10787314921617508
2025-03-07 02:04:52.017722,320,240,20,20,8.612072909051495,-0.006923720706254244,-0.006923720706254244,-0.0005323254154063761,0.3040061295032501,-9.188830375671387,0.10787314921617508
2025-03-07 02:04:52.047460,320,240,20,20,8.558945406528073,-0.0026616270188242197,-0.008520697243511677,0.0015969761880114675,0.2843928337097168,-9.188830375671387,0.08825984597206116
2025-03-07 02:04:52.077258,320,240,20,20,8.695490413013612,0.0,0.0,-0.0005323254154063761,0.3040061295032501,-9.188830375671387,0.06864655017852783
2025-03-07 02:04:52.107037,320,240,20,20,8.807177918318484,0.0031956976745277643,-0.004260348621755838,0.0005323254154063761,0.2843928337097168,-9.188830375671387,0.127486452460289
2025-03-07 02:04:52.137179,320,240,20,20,8.737910415028455,-0.0015969761880114675,-0.010119418613612652,0.006923720706254244,0.2843928337097168,-9.169217109680176,0.08825984597206116
2025-03-07 02:04:52.171026,320,240,20,20,8.581802907613746,-0.004260348621755838,-0.0031956976745277643,0.0,0.3040061295032501,-9.188830375671387,0.10787314921617508
2025-03-07 02:04:52.206302,320,240,20,20,8.576872907379585,-0.0021293016616255045,-0.004792673978954554,0.0021293016616255045,0.2843928337097168,-9.149603843688965,0.08825984597206116
2025-03-07 02:04:52.237913,320,240,20,20,8.55431790630828,-0.0010646508308127522,-0.005859069991856813,0.0026616270188242197,0.2843928337097168,-9.188830375671387,0.06864655017852783
2025-03-07 02:04:52.272085,320,240,20,20,8.738050415035104,-0.0021293016616255045,-0.006391395349055529,0.004792673978954554,0.3040061295032501,-9.169217109680176,0.08825984597206116
2025-03-07 02:04:52.304250,320,240,20,20,8.668482911730825,0.0021293016616255045,-0.0021293016616255045,0.0021293016616255045,0.2843928337097168,-9.188830375671387,0.10787314921617508
2025-03-07 02:04:52.338834,320,240,20,20,8.579462907502602,-0.0010646508308127522,-0.004260348621755838,0.0010646508308127522,0.2843928337097168,-9.188830375671387,0.10787314921617508
2025-03-07 02:04:52.373029,320,240,20,20,8.603825408659759,-0.0015969761880114675,-0.0015969761880114675,0.0026616270188242197,0.26477953791618347,-9.169217109680176,0.10787314921617508
2025-03-07 02:04:52.404846,320,240,20,20,8.587857907901343,0.004260348621755838,-0.007456046529114246,0.0005323254154063761,0.3040061295032501,-9.169217109680176,0.08825984597206116
2025-03-07 02:04:52.439035,320,240,20,20,8.637222910246056,-0.0010646508308127522,-0.004260348621755838,0.004260348621755838,0.2843928337097168,-9.188830375671387,0.08825984597206116
2025-03-07 02:04:52.471015,320,240,20,20,8.601282908538996,-0.0026616270188242197,-0.006391395349055529,0.0015969761880114675,0.2843928337097168,-9.169217109680176,0.10787314921617508
2025-03-07 02:04:52.507574,320,240,20,20,8.709055413657916,-0.0031956976745277643,-0.006391395349055529,0.003728023264557123,0.2843928337097168,-9.169217109680176,0.10787314921617508
2025-03-07 02:04:52.537571,320,240,20,20,8.68385291246086,-0.0010646508308127522,-0.007456046529114246,0.0015969761880114675,0.2843928337097168,-9.169217109680176,0.10787314921617508
2025-03-07 02:04:52.574164,320,240,20,20,8.620705409461516,0.0,-0.011184069328010082,0.0031956976745277643,0.2843928337097168,-9.188830375671387,0.10787314921617508
2025-03-07 02:04:52.604089,320,240,20,20,8.561182906634349,0.0021293016616255045,0.0,0.0010646508308127522,0.2843928337097168,-9.188830375671387,0.08825984597206116
2025-03-07 02:04:52.639196,320,240,20,20,8.622280409536325,-0.0005323254154063761,-0.005859069991856813,0.003728023264557123,0.2843928337097168,-9.169217109680176,0.08825984597206116
2025-03-07 02:04:52.671378,320,240,20,20,8.63036540992034,0.0,-0.010651743970811367,0.0021293016616255045,0.26477953791618347,-9.169217109680176,0.08825984597206116
2025-03-07 02:04:52.706671,320,240,20,20,8.63138540996879,0.0015969761880114675,-0.006923720706254244,0.0015969761880114675,0.2843928337097168,-9.169217109680176,0.10787314921617508
2025-03-07 02:04:52.737704,320,240,20,20,8.685480412538164,-0.0026616270188242197,-0.004792673978954554,-0.0005323254154063761,0.2843928337097168,-9.188830375671387,0.08825984597206116
