2025-03-07 02:17:10.325545,320,240,20,20,5.80542777574301,0.004792673978954554,-0.01970651187002659,0.0005323254154063761,0.26477953791618347,-9.188830375671387,0.627625584602356
2025-03-07 02:17:10.378047,320,240,20,20,5.5368802629876885,-0.03355569764971733,0.05326395481824875,0.0031956976745277643,0.10787314921617508,-9.149603843688965,0.45110589265823364
2025-03-07 02:17:10.415084,320,240,20,20,5.457962759239308,0.02396860532462597,-0.08575500547885895,0.0015969761880114675,0.509945809841156,-9.169217109680176,-0.4903324842453003
2025-03-07 02:17:10.446448,320,240,20,20,5.521170262241503,0.02929535135626793,-0.011184069328010082,0.004260348621755838,0.127486452460289,-9.208444595336914,1.1081514358520508
2025-03-07 02:17:10.477916,320,240,20,20,5.4898302607529335,-0.014913838356733322,0.07190581411123276,0.005859069991856813,0.10787314921617508,-9.169217109680176,0.5491724014282227
2025-03-07 02:17:10.508808,320,240,20,20,5.513607761882303,0.0010646508308127522,-0.0026616270188242197,0.0010646508308127522,0.2843928337097168,-9.188830375671387,-0.411879301071167
2025-03-07 02:17:10.540264,320,240,20,20,5.5456627634048345,0.019174186512827873,-0.07883128523826599,0.0026616270188242197,0.4314925968647003,-9.169217109680176,-0.04903324693441391
2025-03-07 02:17:10.574940,320,240,20,20,5.500945261280867,-0.0031956976745277643,-0.0031956976745277643,0.0005323254154063761,0.2843928337097168,-9.188830375671387,0.7060787677764893
2025-03-07 02:17:10.608628,320,240,20,20,5.432615258035367,-0.007456046529114246,0.06391744315624237,0.0,0.24516624212265015,-9.169217109680176,-0.04903324693441391
2025-03-07 02:17:10.641411,320,240,20,20,5.442965258526965,0.030892327427864075,-0.01970651187002659,0.004792673978954554,0.26477953791618347,-9.149603843688965,-0.8924051523208618
2025-03-07 02:17:10.675940,320,240,20,20,5.529900262656156,0.039414770901203156,-0.07563558965921402,-0.0005323254154063761,0.3628460466861725,-9.169217109680176,0.04903324693441391
2025-03-07 02:17:10.708768,320,240,20,20,5.506257761533197,-0.015978489071130753,0.012782790698111057,0.004260348621755838,0.3040061295032501,-9.188830375671387,1.2748644351959229
2025-03-07 02:17:10.741823,320,240,20,20,5.347242753980391,-0.035154420882463455,0.05006825923919678,0.0005323254154063761,0.18632633984088898,-9.169217109680176,0.4314925968647003
2025-03-07 02:17:10.780089,320,240,20,20,5.486042760573037,0.005324999336153269,-0.026631977409124374,0.0,0.2843928337097168,-9.149603843688965,-0.8139519095420837
2025-03-07 02:17:10.824516,320,240,20,20,5.531312762723246,0.03142465278506279,-0.05752430483698845,0.0005323254154063761,0.3040061295032501,-9.188830375671387,0.16671304404735565
2025-03-07 02:17:10.881896,320,240,20,20,5.472817759944883,-0.0026616270188242197,0.03462209552526474,0.0005323254154063761,0.2843928337097168,-9.188830375671387,0.7845319509506226
2025-03-07 02:17:10.940780,320,240,20,20,5.531642762738921,0.009054767899215221,-0.04953593388199806,0.0015969761880114675,0.3040061295032501,-9.169217109680176,-0.2843928337097168
2025-03-07 02:17:10.981194,320,240,20,20,5.516015261996654,0.005859069991856813,-0.04314279183745384,0.0015969761880114675,0.22555294632911682,-9.188830375671387,0.4903324842453003
2025-03-07 02:17:11.037823,320,240,20,20,5.468620259745512,-0.013847441412508488,0.030892327427864075,-0.0010646508308127522,0.32361945509910583,-9.169217109680176,-0.4314925968647003
2025-03-07 02:17:11.096432,320,240,20,20,5.541865263224463,0.033023372292518616,-0.05645965412259102,0.004260348621755838,0.34323275089263916,-9.169217109680176,-0.6864655017852783
2025-03-07 02:17:11.148102,320,240,20,20,5.4975952611217505,-0.02290220931172371,0.04846953600645065,0.003728023264557123,0.26477953791618347,-9.188830375671387,1.010084867477417
2025-03-07 02:17:11.180947,320,240,20,20,5.474280260014348,0.010119418613612652,-0.052731629461050034,-0.0015969761880114675,0.2843928337097168,-9.169217109680176,-0.3040061295032501
2025-03-07 02:17:11.225196,320,240,20,20,5.51912776214449,0.007988371886312962,-0.017043139785528183,0.0015969761880114675,0.2059396505355835,-9.169217109680176,0.45110589265823364
2025-03-07 02:17:11.268174,320,240,20,20,5.4106652569927975,-0.010651743970811367,0.043676864355802536,0.005859069991856813,0.32361945509910583,-9.169217109680176,0.2843928337097168
2025-03-07 02:17:11.311809,320,240,20,20,5.506945261565852,0.0005323254154063761,0.0021293016616255045,0.0026616270188242197,0.34323275089263916,-9.169217109680176,-0.3040061295032501
2025-03-07 02:17:11.357018,320,240,20,20,5.555782763885508,-0.013847441412508488,-0.0010646508308127522,0.0021293016616255045,0.18632633984088898,-9.188830375671387,0.7649186849594116
2025-03-07 02:17:11.403464,320,240,20,20,5.501997761330858,-0.0250332560390234,0.0415458157658577,-0.0021293016616255045,0.3040061295032501,-9.188830375671387,0.24516624212265015
2025-03-07 02:17:11.450792,320,240,20,20,5.456727759180649,-0.0026616270188242197,-0.010651743970811367,0.004260348621755838,0.411879301071167,-9.149603843688965,-0.5883989930152893
2025-03-07 02:17:11.506040,320,240,20,20,5.537562763020105,0.0021293016616255045,0.007456046529114246,0.0005323254154063761,0.16671304404735565,-9.169217109680176,0.6668521761894226
2025-03-07 02:17:11.546785,320,240,20,20,5.547270263481186,-0.022369883954524994,0.036219071596860886,0.005859069991856813,0.34323275089263916,-9.188830375671387,0.14709974825382233
2025-03-07 02:17:11.600061,320,240,20,20,5.492307760870608,0.007456046529114246,-0.039414770901203156,-0.0005323254154063761,0.22555294632911682,-9.169217109680176,0.16671304404735565
2025-03-07 02:17:11.634490,320,240,20,20,5.545032763374911,-0.006923720706254244,0.01970651187002659,0.0031956976745277643,0.2059396505355835,-9.169217109680176,0.3824593424797058
2025-03-07 02:17:11.664204,320,240,20,20,5.522712762314768,-0.006923720706254244,0.033023372292518616,0.003728023264557123,0.34323275089263916,-9.169217109680176,-0.16671304404735565
2025-03-07 02:17:11.721928,320,240,20,20,5.540632763165922,0.015978489071130753,-0.03355569764971733,-0.0005323254154063761,0.40207263827323914,-9.169217109680176,-0.24516624212265015
2025-03-07 02:17:11.782245,320,240,20,20,5.525937762467947,-0.014913838356733322,0.02609965205192566,0.0005323254154063761,0.18632633984088898,-9.169217109680176,0.6864655017852783
2025-03-07 02:17:11.837593,320,240,20,20,5.447767758755072,0.009587093256413937,-0.030892327427864075,0.0,0.40207263827323914,-9.169217109680176,-0.411879301071167
2025-03-07 02:17:11.887181,320,240,20,20,5.500907761279086,0.018109535798430443,-0.0250332560390234,0.0021293016616255045,0.18632633984088898,-9.188830375671387,0.411879301071167
2025-03-07 02:17:11.947244,320,240,20,20,5.5452702633861914,-0.007988371886312962,0.006391395349055529,0.0010646508308127522,0.3628460466861725,-9.188830375671387,-0.10787314921617508
2025-03-07 02:17:12.003415,320,240,20,20,5.552207763715705,0.0005323254154063761,-0.014379767701029778,0.0026616270188242197,0.18632633984088898,-9.169217109680176,0.40207263827323914
2025-03-07 02:17:12.061732,320,240,20,20,5.460100259340834,-0.011718139983713627,0.02290220931172371,0.0021293016616255045,0.22555294632911682,-9.169217109680176,0.127486452460289
2025-03-07 02:17:12.122947,320,240,20,20,5.512882761847868,0.015446163713932037,-0.031958721578121185,0.0005323254154063761,0.3628460466861725,-9.169217109680176,-0.04903324693441391
2025-03-07 02:17:12.183440,320,240,20,20,5.5422027632404935,-0.013847441412508488,0.025565581396222115,0.0005323254154063761,0.18632633984088898,-9.188830375671387,0.3824593424797058
2025-03-07 02:17:12.242572,320,240,20,20,5.510960261756554,0.011184069328010082,-0.02822895534336567,0.0031956976745277643,0.32361945509910583,-9.169217109680176,0.04903324693441391
2025-03-07 02:17:12.282542,320,240,20,20,5.445220258634071,0.006923720706254244,0.0031956976745277643,0.005859069991856813,0.22555294632911682,-9.169217109680176,0.32361945509910583
2025-03-07 02:17:12.326376,320,240,20,20,5.545832763412909,0.0026616270188242197,-0.01970651187002659,-0.0005323254154063761,0.3628460466861725,-9.188830375671387,-0.08825984597206116
2025-03-07 02:17:12.364950,320,240,20,20,5.526617762500246,0.007988371886312962,-0.028761280700564384,0.0010646508308127522,0.32361945509910583,-9.188830375671387,0.32361945509910583
2025-03-07 02:17:12.411683,320,240,20,20,5.53628026295919,-0.008520697243511677,0.014913838356733322,0.0015969761880114675,0.24516624212265015,-9.169217109680176,0.3824593424797058
2025-03-07 02:17:12.470478,320,240,20,20,5.480282760299451,0.011718139983713627,-0.02396860532462597,0.0,0.34323275089263916,-9.169217109680176,-0.26477953791618347
2025-03-07 02:17:12.530531,320,240,20,20,5.5275277625434684,0.015978489071130753,-0.018109535798430443,0.005324999336153269,0.32361945509910583,-9.188830375671387,0.18632633984088898
2025-03-07 02:17:12.590307,320,240,20,20,5.5268152625096265,-0.010119418613612652,0.004792673978954554,-0.0031956976745277643,0.26477953791618347,-9.188830375671387,0.10787314921617508
2025-03-07 02:17:12.629080,320,240,20,20,5.441612758462725,0.0,-0.013847441412508488,-0.0010646508308127522,0.2843928337097168,-9.149603843688965,0.22555294632911682
2025-03-07 02:17:12.658147,320,240,20,20,5.5037127614123165,-0.0026616270188242197,0.011718139983713627,0.0031956976745277643,0.24516624212265015,-9.169217109680176,0.08825984597206116
2025-03-07 02:17:12.687055,320,240,20,20,5.473912759996892,-0.0015969761880114675,0.004260348621755838,0.004260348621755838,0.2843928337097168,-9.169217109680176,-0.127486452460289
2025-03-07 02:17:12.715802,320,240,20,20,5.479127760244592,0.007456046529114246,-0.02290220931172371,0.0010646508308127522,0.3040061295032501,-9.169217109680176,0.10787314921617508
2025-03-07 02:17:12.744637,320,240,20,20,5.49753776111902,-0.0031956976745277643,-0.005859069991856813,0.003728023264557123,0.2843928337097168,-9.188830375671387,0.411879301071167
2025-03-07 02:17:12.774824,320,240,20,20,5.503660261409823,-0.012250465340912342,0.013847441412508488,-0.0010646508308127522,0.24516624212265015,-9.188830375671387,0.2059396505355835
2025-03-07 02:17:12.812788,320,240,20,20,5.448250258777989,-0.0021293016616255045,-0.010119418613612652,0.004260348621755838,0.2843928337097168,-9.169217109680176,-0.2059396505355835
2025-03-07 02:17:12.841794,320,240,20,20,5.424675257658237,0.010651743970811367,-0.024500930681824684,-0.0015969761880114675,0.32361945509910583,-9.169217109680176,-0.127486452460289
2025-03-07 02:17:12.879846,320,240,20,20,5.5297877626508125,0.0015969761880114675,0.0021293016616255045,0.003728023264557123,0.3040061295032501,-9.169217109680176,0.2843928337097168
2025-03-07 02:17:12.909994,320,240,20,20,5.560557764112309,-0.009587093256413937,0.005859069991856813,0.0010646508308127522,0.24516624212265015,-9.149603843688965,0.26477953791618347
2025-03-07 02:17:12.952880,320,240,20,20,5.5479727635145535,-0.0021293016616255045,-0.013315116055309772,0.0026616270188242197,0.3040061295032501,-9.188830375671387,0.009806649759411812
2025-03-07 02:17:12.996065,320,240,20,20,5.529990262660431,0.0031956976745277643,-0.017043139785528183,0.0015969761880114675,0.3040061295032501,-9.149603843688965,0.14709974825382233
2025-03-07 02:17:13.038703,320,240,20,20,5.528007762566267,-0.007988371886312962,0.0031956976745277643,0.0031956976745277643,0.3040061295032501,-9.169217109680176,0.18632633984088898
2025-03-07 02:17:13.083233,320,240,20,20,5.510642761741474,-0.006923720706254244,0.006391395349055529,0.005859069991856813,0.2843928337097168,-9.169217109680176,-0.06864655017852783
2025-03-07 02:17:13.129125,320,240,20,20,5.560867764127034,0.005324999336153269,-0.01970651187002659,0.005859069991856813,0.3040061295032501,-9.149603843688965,0.24516624212265015
2025-03-07 02:17:13.167022,320,240,20,20,5.48295276042627,-0.003728023264557123,0.004792673978954554,0.0021293016616255045,0.2843928337097168,-9.188830375671387,0.3824593424797058
2025-03-07 02:17:13.199350,320,240,20,20,5.565780264360365,-0.013315116055309772,0.0021293016616255045,0.0015969761880114675,0.2843928337097168,-9.169217109680176,0.04903324693441391
2025-03-07 02:17:13.228362,320,240,20,20,5.450520258885808,0.0,-0.014379767701029778,0.0005323254154063761,0.3040061295032501,-9.169217109680176,-0.14709974825382233
2025-03-07 02:17:13.257453,320,240,20,20,5.511507761782559,0.009587093256413937,-0.011718139983713627,0.0015969761880114675,0.3040061295032501,-9.169217109680176,0.009806649759411812
2025-03-07 02:17:13.287143,320,240,20,20,5.471990259905579,-0.0026616270188242197,0.004792673978954554,-0.0010646508308127522,0.2843928337097168,-9.188830375671387,0.14709974825382233
2025-03-07 02:17:13.315976,320,240,20,20,5.502342761347245,-0.0031956976745277643,0.005859069991856813,-0.0015969761880114675,0.2843928337097168,-9.169217109680176,0.04903324693441391
2025-03-07 02:17:13.344908,320,240,20,20,5.497762761129707,0.0005323254154063761,-0.014913838356733322,0.0021293016616255045,0.2843928337097168,-9.169217109680176,0.14709974825382233
2025-03-07 02:17:13.375691,320,240,20,20,5.515080261952244,-0.003728023264557123,-0.010651743970811367,0.004260348621755838,0.3040061295032501,-9.149603843688965,0.22555294632911682
2025-03-07 02:17:13.412352,320,240,20,20,5.501527761308535,-0.012250465340912342,0.0015969761880114675,0.0026616270188242197,0.3040061295032501,-9.169217109680176,0.06864655017852783
2025-03-07 02:17:13.443015,320,240,20,20,5.581552765109518,-0.005859069991856813,-0.005859069991856813,0.0,0.3040061295032501,-9.149603843688965,-0.10787314921617508
2025-03-07 02:17:13.487550,320,240,20,20,5.5338677628446025,0.004260348621755838,-0.015978489071130753,-0.0010646508308127522,0.3040061295032501,-9.169217109680176,0.009806649759411812
2025-03-07 02:17:13.528763,320,240,20,20,5.5220277622822325,0.003728023264557123,-0.005859069991856813,0.0021293016616255045,0.26477953791618347,-9.188830375671387,0.2843928337097168
2025-03-07 02:17:13.571446,320,240,20,20,5.456057759148825,-0.007456046529114246,0.0005323254154063761,-0.0005323254154063761,0.2843928337097168,-9.169217109680176,0.24516624212265015
2025-03-07 02:17:13.611974,320,240,20,20,5.435762758184865,-0.007988371886312962,-0.006391395349055529,0.0,0.3040061295032501,-9.149603843688965,0.029419949278235435
2025-03-07 02:17:13.650978,320,240,20,20,5.524372762393614,0.006923720706254244,-0.0005323254154063761,-0.0015969761880114675,0.2843928337097168,-9.169217109680176,0.10787314921617508
2025-03-07 02:17:13.688153,320,240,20,20,5.422372757548874,0.0,-0.0010646508308127522,0.0015969761880114675,0.2843928337097168,-9.169217109680176,0.04903324693441391
2025-03-07 02:17:13.729035,320,240,20,20,5.501992761330621,0.0,-0.010119418613612652,0.0005323254154063761,0.32361945509910583,-9.169217109680176,0.06864655017852783
2025-03-07 02:17:13.769363,320,240,20,20,5.58338026519632,-0.0010646508308127522,-0.013847441412508488,0.0015969761880114675,0.2843928337097168,-9.169217109680176,0.22555294632911682
2025-03-07 02:17:13.811898,320,240,20,20,5.503702761411842,-0.006923720706254244,-0.0026616270188242197,-0.0015969761880114675,0.2843928337097168,-9.169217109680176,0.18632633984088898
2025-03-07 02:17:13.855470,320,240,20,20,5.496240261057392,-0.0005323254154063761,0.0,0.0015969761880114675,0.2843928337097168,-9.169217109680176,-0.009806649759411812
2025-03-07 02:17:13.896684,320,240,20,20,5.493400260922499,0.009054767899215221,-0.006923720706254244,0.0026616270188242197,0.2843928337097168,-9.169217109680176,0.04903324693441391
2025-03-07 02:17:13.939554,320,240,20,20,5.500972761282173,-0.0015969761880114675,-0.004260348621755838,0.0015969761880114675,0.26477953791618347,-9.169217109680176,0.22555294632911682
2025-03-07 02:17:13.979997,320,240,20,20,5.485327760539076,-0.004792673978954554,-0.0005323254154063761,0.0010646508308127522,0.3040061295032501,-9.188830375671387,0.18632633984088898
2025-03-07 02:17:14.017268,320,240,20,20,5.533140262810048,0.003728023264557123,-0.007456046529114246,0.004792673978954554,0.2843928337097168,-9.169217109680176,0.04903324693441391
2025-03-07 02:17:14.052845,320,240,20,20,5.493922760947316,-0.003728023264557123,-0.0026616270188242197,-0.0021293016616255045,0.2843928337097168,-9.169217109680176,0.009806649759411812
2025-03-07 02:17:14.083644,320,240,20,20,5.526315262485878,-0.0005323254154063761,-0.007988371886312962,0.004260348621755838,0.3040061295032501,-9.169217109680176,0.009806649759411812
2025-03-07 02:17:14.113238,320,240,20,20,5.485177760531951,0.0010646508308127522,-0.005324999336153269,0.003728023264557123,0.2843928337097168,-9.188830375671387,0.14709974825382233
2025-03-07 02:17:14.142788,320,240,20,20,5.566570264397887,0.0,-0.005859069991856813,0.0015969761880114675,0.26477953791618347,-9.169217109680176,0.22555294632911682
2025-03-07 02:17:14.182265,320,240,20,20,5.488932760710304,-0.010119418613612652,-0.0031956976745277643,0.003728023264557123,0.2843928337097168,-9.169217109680176,0.14709974825382233
2025-03-07 02:17:14.211448,320,240,20,20,5.538102763045754,-0.0031956976745277643,-0.003728023264557123,0.0021293016616255045,0.32361945509910583,-9.169217109680176,0.009806649759411812
2025-03-07 02:17:14.245580,320,240,20,20,5.496207761055848,0.003728023264557123,-0.009054767899215221,-0.0005323254154063761,0.3040061295032501,-9.149603843688965,-0.029419949278235435
2025-03-07 02:17:14.277255,320,240,20,20,5.517885262085474,0.0021293016616255045,-0.0031956976745277643,0.005324999336153269,0.26477953791618347,-9.169217109680176,0.06864655017852783
2025-03-07 02:17:14.310971,320,240,20,20,5.580310265050502,-0.0015969761880114675,-0.003728023264557123,-0.0015969761880114675,0.2843928337097168,-9.149603843688965,0.14709974825382233
2025-03-07 02:17:14.356451,320,240,20,20,5.559047764040588,-0.0005323254154063761,-0.008520697243511677,0.0015969761880114675,0.3040061295032501,-9.188830375671387,0.14709974825382233
2025-03-07 02:17:14.408924,320,240,20,20,5.487917760662095,-0.009054767899215221,-0.010651743970811367,0.0015969761880114675,0.3040061295032501,-9.169217109680176,0.10787314921617508
2025-03-07 02:17:14.454323,320,240,20,20,5.523717762362503,-0.0031956976745277643,-0.008520697243511677,0.0,0.2843928337097168,-9.169217109680176,0.04903324693441391
2025-03-07 02:17:14.505270,320,240,20,20,5.504305261440459,0.0021293016616255045,-0.0031956976745277643,-0.0026616270188242197,0.32361945509910583,-9.169217109680176,0.029419949278235435
2025-03-07 02:17:14.544845,320,240,20,20,5.494827760990302,0.0031956976745277643,-0.005324999336153269,0.0021293016616255045,0.2843928337097168,-9.169217109680176,0.14709974825382233
2025-03-07 02:17:14.581981,320,240,20,20,5.4787002602242865,-0.003728023264557123,-0.006391395349055529,0.0005323254154063761,0.26477953791618347,-9.169217109680176,0.18632633984088898
2025-03-07 02:17:14.619077,320,240,20,20,5.560970264131901,0.0,-0.0015969761880114675,0.0026616270188242197,0.32361945509910583,-9.169217109680176,0.029419949278235435
2025-03-07 02:17:14.653527,320,240,20,20,5.576185264854575,0.005859069991856813,-0.012782790698111057,0.0031956976745277643,0.3040061295032501,-9.188830375671387,-0.009806649759411812
2025-03-07 02:17:14.682797,320,240,20,20,5.485892760565912,0.005324999336153269,-0.010119418613612652,0.004792673978954554,0.2843928337097168,-9.169217109680176,0.08825984597206116
2025-03-07 02:17:14.712277,320,240,20,20,5.585575265300577,0.0010646508308127522,-0.0026616270188242197,-0.0005323254154063761,0.3040061295032501,-9.188830375671387,0.18632633984088898
2025-03-07 02:17:14.744059,320,240,20,20,5.523997762375802,-0.0005323254154063761,-0.004260348621755838,-0.0010646508308127522,0.3040061295032501,-9.169217109680176,0.14709974825382233
2025-03-07 02:17:14.782526,320,240,20,20,5.474682760033465,-0.004792673978954554,-0.009587093256413937,0.0,0.3040061295032501,-9.169217109680176,0.10787314921617508
2025-03-07 02:17:14.811966,320,240,20,20,5.550530263636029,-0.004260348621755838,-0.010119418613612652,0.0026616270188242197,0.2843928337097168,-9.169217109680176,0.04903324693441391
2025-03-07 02:17:14.847223,320,240,20,20,5.524237762387202,-0.005859069991856813,-0.006391395349055529,0.0005323254154063761,0.2843928337097168,-9.169217109680176,0.04903324693441391
2025-03-07 02:17:14.877474,320,240,20,20,5.543737763313402,0.004260348621755838,-0.0026616270188242197,0.0010646508308127522,0.3040061295032501,-9.149603843688965,0.009806649759411812
2025-03-07 02:17:14.914019,320,240,20,20,5.550177763619286,0.005859069991856813,-0.006923720706254244,0.003728023264557123,0.2843928337097168,-9.169217109680176,0.10787314921617508
2025-03-07 02:17:14.944080,320,240,20,20,5.496032761047536,-0.006923720706254244,-0.008520697243511677,0.004792673978954554,0.26477953791618347,-9.169217109680176,0.16671304404735565
2025-03-07 02:17:14.981007,320,240,20,20,5.4758602600893935,-0.004260348621755838,0.0026616270188242197,0.0010646508308127522,0.3040061295032501,-9.188830375671387,0.16671304404735565
2025-03-07 02:17:15.010793,320,240,20,20,5.5334677628256035,-0.0015969761880114675,-0.003728023264557123,0.0,0.3040061295032501,-9.169217109680176,0.029419949278235435
2025-03-07 02:17:15.046734,320,240,20,20,5.472970259952126,-0.0005323254154063761,-0.007988371886312962,0.0021293016616255045,0.2843928337097168,-9.169217109680176,0.009806649759411812
2025-03-07 02:17:15.077153,320,240,20,20,5.491897760851134,0.0031956976745277643,-0.004792673978954554,0.005324999336153269,0.26477953791618347,-9.188830375671387,0.10787314921617508
2025-03-07 02:17:15.117026,320,240,20,20,5.533265262815985,-0.0005323254154063761,-0.0010646508308127522,0.0021293016616255045,0.3040061295032501,-9.169217109680176,0.14709974825382233
2025-03-07 02:17:15.148776,320,240,20,20,5.517745262078824,-0.0026616270188242197,-0.008520697243511677,0.0,0.3040061295032501,-9.169217109680176,0.127486452460289
2025-03-07 02:17:15.178107,320,240,20,20,5.547035263470025,-0.0021293016616255045,-0.009587093256413937,0.004792673978954554,0.26477953791618347,-9.169217109680176,0.127486452460289
2025-03-07 02:17:15.210473,320,240,20,20,5.542025263232063,-0.007456046529114246,-0.003728023264557123,0.006923720706254244,0.2843928337097168,-9.149603843688965,0.10787314921617508
2025-03-07 02:17:15.247167,320,240,20,20,5.53148276273132,-0.003728023264557123,-0.004260348621755838,0.0015969761880114675,0.32361945509910583,-9.169217109680176,0.009806649759411812
2025-03-07 02:17:15.285513,320,240,20,20,5.464217759536405,0.0031956976745277643,-0.010119418613612652,0.0021293016616255045,0.3040061295032501,-9.149603843688965,0.0
2025-03-07 02:17:15.330558,320,240,20,20,5.4929827609026685,0.0031956976745277643,-0.009587093256413937,0.0031956976745277643,0.2843928337097168,-9.188830375671387,0.10787314921617508
2025-03-07 02:17:15.384298,320,240,20,20,5.564922764319635,-0.004260348621755838,-0.007988371886312962,-0.0026616270188242197,0.26477953791618347,-9.169217109680176,0.22555294632911682
2025-03-07 02:17:15.441598,320,240,20,20,5.502442761351995,0.0,-0.006391395349055529,0.004792673978954554,0.3040061295032501,-9.169217109680176,0.0
2025-03-07 02:17:15.499956,320,240,20,20,5.518502762114804,-0.0015969761880114675,-0.0015969761880114675,0.0026616270188242197,0.2843928337097168,-9.188830375671387,0.08825984597206116
2025-03-07 02:17:15.553340,320,240,20,20,5.538900263083633,-0.0005323254154063761,0.0026616270188242197,0.003728023264557123,0.3040061295032501,-9.169217109680176,0.10787314921617508
2025-03-07 02:17:15.613687,320,240,20,20,5.552060263708699,-0.004792673978954554,-0.0026616270188242197,0.004260348621755838,0.2843928337097168,-9.169217109680176,0.127486452460289
2025-03-07 02:17:15.674269,320,240,20,20,5.481892760375922,0.0021293016616255045,-0.0021293016616255045,-0.0010646508308127522,0.3040061295032501,-9.188830375671387,-0.009806649759411812
2025-03-07 02:17:15.721047,320,240,20,20,5.4932477609152555,0.007988371886312962,-0.007988371886312962,0.0010646508308127522,0.3040061295032501,-9.188830375671387,0.0
2025-03-07 02:17:15.764805,320,240,20,20,5.501147761290485,-0.003728023264557123,-0.0026616270188242197,0.0026616270188242197,0.2843928337097168,-9.169217109680176,0.2059396505355835
2025-03-07 02:17:15.831266,320,240,20,20,5.496515261070454,-0.0021293016616255045,-0.004260348621755838,0.0021293016616255045,0.3040061295032501,-9.169217109680176,0.04903324693441391
2025-03-07 02:17:15.893674,320,240,20,20,5.538140263047535,-0.0031956976745277643,-0.004260348621755838,-0.0005323254154063761,0.26477953791618347,-9.169217109680176,0.06864655017852783
2025-03-07 02:17:15.953801,320,240,20,20,5.526620262500364,0.0,-0.007456046529114246,0.0,0.3040061295032501,-9.169217109680176,0.06864655017852783
2025-03-07 02:17:16.015821,320,240,20,20,5.50523776148475,-0.003728023264557123,-0.005859069991856813,0.0021293016616255045,0.2843928337097168,-9.169217109680176,0.2059396505355835
2025-03-07 02:17:16.077346,320,240,20,20,5.542805263269111,0.0010646508308127522,-0.012782790698111057,0.003728023264557123,0.3040061295032501,-9.169217109680176,-0.029419949278235435
2025-03-07 02:17:16.139550,320,240,20,20,5.495225261009182,0.0010646508308127522,-0.004792673978954554,-0.0010646508308127522,0.2843928337097168,-9.169217109680176,0.18632633984088898
2025-03-07 02:17:16.202973,320,240,20,20,5.524602762404538,0.0021293016616255045,-0.0005323254154063761,0.0031956976745277643,0.3040061295032501,-9.169217109680176,0.127486452460289
2025-03-07 02:17:16.266851,320,240,20,20,5.4663677596385245,-0.0015969761880114675,-0.007456046529114246,-0.005859069991856813,0.2843928337097168,-9.169217109680176,0.08825984597206116
2025-03-07 02:17:16.328179,320,240,20,20,5.51299776185333,0.0015969761880114675,-0.0015969761880114675,0.0026616270188242197,0.3040061295032501,-9.169217109680176,0.029419949278235435
2025-03-07 02:17:16.388748,320,240,20,20,5.496190261055017,-0.0031956976745277643,-0.003728023264557123,0.0031956976745277643,0.2843928337097168,-9.188830375671387,0.18632633984088898
2025-03-07 02:17:16.448348,320,240,20,20,5.502002761331096,-0.0005323254154063761,-0.009054767899215221,0.005324999336153269,0.3040061295032501,-9.169217109680176,0.04903324693441391
2025-03-07 02:17:16.494756,320,240,20,20,5.538385263059172,-0.0026616270188242197,-0.0031956976745277643,0.005324999336153269,0.26477953791618347,-9.169217109680176,0.127486452460289
2025-03-07 02:17:16.525055,320,240,20,20,5.508550261642085,-0.0015969761880114675,0.0005323254154063761,-0.0005323254154063761,0.2843928337097168,-9.188830375671387,0.127486452460289
2025-03-07 02:17:16.554055,320,240,20,20,5.535442762919411,0.0021293016616255045,-0.006923720706254244,0.0021293016616255045,0.3040061295032501,-9.169217109680176,0.08825984597206116
2025-03-07 02:17:16.599018,320,240,20,20,5.509822761702526,-0.0015969761880114675,-0.008520697243511677,0.0031956976745277643,0.3040061295032501,-9.169217109680176,0.10787314921617508
2025-03-07 02:17:16.638497,320,240,20,20,5.477117760149122,0.0,-0.0026616270188242197,0.0010646508308127522,0.2843928337097168,-9.188830375671387,0.10787314921617508
2025-03-07 02:17:16.678141,320,240,20,20,5.510002761711076,-0.0015969761880114675,-0.0010646508308127522,0.0021293016616255045,0.2843928337097168,-9.169217109680176,0.04903324693441391
2025-03-07 02:17:16.716392,320,240,20,20,5.463425259498763,-0.0021293016616255045,-0.006923720706254244,0.0031956976745277643,0.3040061295032501,-9.149603843688965,0.0
2025-03-07 02:17:16.747574,320,240,20,20,5.551557763684832,-0.003728023264557123,-0.007988371886312962,0.0015969761880114675,0.2843928337097168,-9.169217109680176,0.18632633984088898
2025-03-07 02:17:16.778296,320,240,20,20,5.522635262311087,-0.005324999336153269,-0.006923720706254244,-0.0010646508308127522,0.2843928337097168,-9.169217109680176,0.08825984597206116
2025-03-07 02:17:16.815764,320,240,20,20,5.484195260485285,-0.0021293016616255045,-0.007988371886312962,0.0015969761880114675,0.3040061295032501,-9.169217109680176,0.0
2025-03-07 02:17:16.846254,320,240,20,20,5.523487762351579,0.0,-0.003728023264557123,0.0031956976745277643,0.3040061295032501,-9.169217109680176,0.04903324693441391
2025-03-07 02:17:16.879888,320,240,20,20,5.513620261882897,0.0,-0.005859069991856813,-0.0010646508308127522,0.2843928337097168,-9.169217109680176,0.08825984597206116
2025-03-07 02:17:16.912487,320,240,20,20,5.538342763057154,-0.0021293016616255045,-0.0031956976745277643,0.0021293016616255045,0.2843928337097168,-9.169217109680176,0.08825984597206116
2025-03-07 02:17:16.948421,320,240,20,20,5.486152760578261,0.0,-0.006923720706254244,0.004792673978954554,0.3040061295032501,-9.169217109680176,0.08825984597206116
2025-03-07 02:17:16.979194,320,240,20,20,5.439865258379723,-0.0026616270188242197,-0.007988371886312962,0.0031956976745277643,0.2843928337097168,-9.188830375671387,0.14709974825382233
2025-03-07 02:17:17.015413,320,240,20,20,5.517035262045101,-0.0015969761880114675,-0.0015969761880114675,0.0,0.2843928337097168,-9.169217109680176,0.10787314921617508
2025-03-07 02:17:17.045391,320,240,20,20,5.516912762039283,0.0,-0.006391395349055529,0.0026616270188242197,0.3040061295032501,-9.169217109680176,0.0
2025-03-07 02:17:17.083940,320,240,20,20,5.48484276051604,0.003728023264557123,-0.008520697243511677,0.0015969761880114675,0.3040061295032501,-9.169217109680176,0.0
2025-03-07 02:17:17.114665,320,240,20,20,5.531290262722178,0.0021293016616255045,-0.007988371886312962,0.005324999336153269,0.3040061295032501,-9.169217109680176,0.10787314921617508
2025-03-07 02:17:17.145222,320,240,20,20,5.560712764119671,-0.003728023264557123,-0.0010646508308127522,0.0031956976745277643,0.2843928337097168,-9.169217109680176,0.16671304404735565
2025-03-07 02:17:17.185466,320,240,20,20,5.451537758934137,-0.0005323254154063761,-0.006391395349055529,-0.0005323254154063761,0.3040061295032501,-9.169217109680176,0.029419949278235435
2025-03-07 02:17:17.223440,320,240,20,20,5.506590261548991,-0.0010646508308127522,-0.013315116055309772,0.004260348621755838,0.3040061295032501,-9.169217109680176,0.04903324693441391
2025-03-07 02:17:17.260897,320,240,20,20,5.533000262803398,0.0005323254154063761,-0.008520697243511677,-0.0015969761880114675,0.2843928337097168,-9.169217109680176,0.06864655017852783
2025-03-07 02:17:17.299109,320,240,20,20,5.548425263536046,-0.0010646508308127522,-0.0010646508308127522,0.0026616270188242197,0.2843928337097168,-9.169217109680176,0.08825984597206116
2025-03-07 02:17:17.336614,320,240,20,20,5.497472761115932,0.0,-0.007988371886312962,0.0010646508308127522,0.3040061295032501,-9.169217109680176,0.04903324693441391
2025-03-07 02:17:17.373523,320,240,20,20,5.443172758536821,-0.0010646508308127522,-0.010119418613612652,0.0026616270188242197,0.2843928337097168,-9.188830375671387,0.127486452460289
2025-03-07 02:17:17.413526,320,240,20,20,5.485007760523876,-0.0031956976745277643,-0.004260348621755838,0.0010646508308127522,0.2843928337097168,-9.169217109680176,0.16671304404735565
2025-03-07 02:17:17.455620,320,240,20,20,5.497650261124363,-0.0021293016616255045,-0.0031956976745277643,0.003728023264557123,0.2843928337097168,-9.169217109680176,0.08825984597206116
2025-03-07 02:17:17.509103,320,240,20,20,5.5163952620147025,0.0026616270188242197,-0.008520697243511677,0.004792673978954554,0.3040061295032501,-9.169217109680176,0.029419949278235435
2025-03-07 02:17:17.557232,320,240,20,20,5.523690262361197,0.0031956976745277643,-0.0026616270188242197,0.005859069991856813,0.2843928337097168,-9.169217109680176,0.14709974825382233
2025-03-07 02:17:17.602195,320,240,20,20,5.46784775970882,-0.0021293016616255045,-0.008520697243511677,0.0005323254154063761,0.3040061295032501,-9.169217109680176,0.08825984597206116
2025-03-07 02:17:17.644185,320,240,20,20,5.373475255226367,0.0005323254154063761,-0.007988371886312962,0.0010646508308127522,0.2843928337097168,-9.149603843688965,0.06864655017852783
2025-03-07 02:17:17.685173,320,240,20,20,5.4960377610477735,-0.0010646508308127522,-0.004260348621755838,0.0010646508308127522,0.2843928337097168,-9.169217109680176,0.08825984597206116
2025-03-07 02:17:17.722175,320,240,20,20,5.516245262007578,-0.0005323254154063761,-0.006391395349055529,0.0010646508308127522,0.3040061295032501,-9.169217109680176,0.06864655017852783
2025-03-07 02:17:17.766475,320,240,20,20,5.522810262319399,-0.0021293016616255045,-0.010119418613612652,-0.0010646508308127522,0.2843928337097168,-9.169217109680176,0.14709974825382233
2025-03-07 02:17:17.812863,320,240,20,20,5.5210927622378225,0.0021293016616255045,-0.0021293016616255045,0.0026616270188242197,0.2843928337097168,-9.169217109680176,0.18632633984088898
2025-03-07 02:17:17.857667,320,240,20,20,5.508237761627242,-0.0015969761880114675,-0.010119418613612652,0.0005323254154063761,0.3040061295032501,-9.169217109680176,0.009806649759411812
2025-03-07 02:17:17.897096,320,240,20,20,5.529302762627776,0.0,-0.007456046529114246,0.0021293016616255045,0.3040061295032501,-9.169217109680176,0.08825984597206116
2025-03-07 02:17:17.940971,320,240,20,20,5.508755261651823,-0.0005323254154063761,-0.0005323254154063761,0.0,0.3040061295032501,-9.169217109680176,0.127486452460289
2025-03-07 02:17:17.980766,320,240,20,20,5.523945262373308,0.0010646508308127522,-0.0015969761880114675,0.0026616270188242197,0.3040061295032501,-9.169217109680176,0.10787314921617508
2025-03-07 02:17:18.019513,320,240,20,20,5.542585263258661,0.0015969761880114675,-0.010119418613612652,0.0015969761880114675,0.2843928337097168,-9.169217109680176,0.10787314921617508
2025-03-07 02:17:18.058192,320,240,20,20,5.48939776073239,-0.0010646508308127522,-0.0010646508308127522,0.0010646508308127522,0.3040061295032501,-9.169217109680176,0.04903324693441391
2025-03-07 02:17:18.099014,320,240,20,20,5.5191477621454395,0.0,-0.006923720706254244,0.006391395349055529,0.3040061295032501,-9.169217109680176,0.0
2025-03-07 02:17:18.137913,320,240,20,20,5.478152760198282,-0.0010646508308127522,-0.009587093256413937,0.0005323254154063761,0.3040061295032501,-9.169217109680176,0.08825984597206116
2025-03-07 02:17:18.180095,320,240,20,20,5.543380263296422,-0.0015969761880114675,-0.008520697243511677,0.0005323254154063761,0.2843928337097168,-9.169217109680176,0.16671304404735565
2025-03-07 02:17:18.225484,320,240,20,20,5.51475026193657,-0.0005323254154063761,-0.0031956976745277643,0.0026616270188242197,0.32361945509910583,-9.149603843688965,0.009806649759411812
2025-03-07 02:17:18.267393,320,240,20,20,5.510707761744561,0.0005323254154063761,-0.009054767899215221,-0.0010646508308127522,0.2843928337097168,-9.169217109680176,0.04903324693441391
2025-03-07 02:17:18.314662,320,240,20,20,5.463842759518593,-0.0026616270188242197,-0.0031956976745277643,0.0010646508308127522,0.2843928337097168,-9.169217109680176,0.10787314921617508
2025-03-07 02:17:18.352894,320,240,20,20,5.5536952637863575,0.0021293016616255045,-0.004260348621755838,-0.0021293016616255045,0.3040061295032501,-9.169217109680176,0.08825984597206116
2025-03-07 02:17:18.390545,320,240,20,20,5.498267761153693,-0.0021293016616255045,-0.008520697243511677,0.0010646508308127522,0.3040061295032501,-9.169217109680176,0.127486452460289
2025-03-07 02:17:18.425564,320,240,20,20,5.499817761227314,-0.007988371886312962,-0.0026616270188242197,0.0026616270188242197,0.3040061295032501,-9.188830375671387,0.10787314921617508
2025-03-07 02:17:18.454928,320,240,20,20,5.556820263934787,-0.0026616270188242197,0.0021293016616255045,0.0015969761880114675,0.3040061295032501,-9.169217109680176,0.029419949278235435
2025-03-07 02:17:18.484566,320,240,20,20,5.483420260448474,-0.0005323254154063761,-0.010651743970811367,-0.0005323254154063761,0.3040061295032501,-9.169217109680176,0.0
2025-03-07 02:17:18.514039,320,240,20,20,5.523740262363572,0.0026616270188242197,-0.0026616270188242197,0.0,0.3040061295032501,-9.188830375671387,0.08825984597206116
2025-03-07 02:17:18.546068,320,240,20,20,5.53844776306214,0.0010646508308127522,0.0,0.0031956976745277643,0.2843928337097168,-9.169217109680176,0.16671304404735565
2025-03-07 02:17:18.588513,320,240,20,20,5.522360262298025,-0.0005323254154063761,-0.004792673978954554,0.006391395349055529,0.3040061295032501,-9.169217109680176,0.10787314921617508
2025-03-07 02:17:18.632317,320,240,20,20,5.478677760223218,-0.004260348621755838,-0.012250465340912342,-0.0021293016616255045,0.2843928337097168,-9.188830375671387,0.04903324693441391
2025-03-07 02:17:18.678103,320,240,20,20,5.539840263128281,-0.0031956976745277643,-0.007456046529114246,0.0021293016616255045,0.2843928337097168,-9.169217109680176,0.08825984597206116
2025-03-07 02:17:18.718831,320,240,20,20,5.549275263576419,-0.0026616270188242197,-0.004260348621755838,0.0031956976745277643,0.2843928337097168,-9.188830375671387,0.10787314921617508
2025-03-07 02:17:18.760106,320,240,20,20,5.532467762778106,0.0,-0.010651743970811367,0.0021293016616255045,0.2843928337097168,-9.169217109680176,0.10787314921617508
2025-03-07 02:17:18.801848,320,240,20,20,5.468257759728294,-0.003728023264557123,-0.006391395349055529,0.0010646508308127522,0.2843928337097168,-9.169217109680176,0.14709974825382233
2025-03-07 02:17:18.843489,320,240,20,20,5.528802762604028,-0.005859069991856813,-0.004260348621755838,0.005324999336153269,0.2843928337097168,-9.169217109680176,0.10787314921617508
2025-03-07 02:17:18.886522,320,240,20,20,5.485475260546082,-0.0031956976745277643,-0.007456046529114246,0.003728023264557123,0.3040061295032501,-9.169217109680176,0.029419949278235435
2025-03-07 02:17:18.928951,320,240,20,20,5.539790263125906,-0.0015969761880114675,-0.010651743970811367,0.005324999336153269,0.2843928337097168,-9.169217109680176,0.14709974825382233
2025-03-07 02:17:18.974822,320,240,20,20,5.512115261811414,-0.0021293016616255045,-0.0026616270188242197,-0.0010646508308127522,0.2843928337097168,-9.169217109680176,0.14709974825382233
2025-03-07 02:17:19.020806,320,240,20,20,5.553877763795026,-0.0026616270188242197,-0.004260348621755838,0.0021293016616255045,0.3040061295032501,-9.188830375671387,0.06864655017852783
2025-03-07 02:17:19.060068,320,240,20,20,5.436197758205526,-0.005324999336153269,-0.006391395349055529,0.0010646508308127522,0.2843928337097168,-9.169217109680176,0.06864655017852783
2025-03-07 02:17:19.098625,320,240,20,20,5.518040262092836,0.0010646508308127522,-0.0021293016616255045,0.0021293016616255045,0.2843928337097168,-9.149603843688965,0.06864655017852783
2025-03-07 02:17:19.132966,320,240,20,20,5.473090259957826,0.0021293016616255045,-0.009054767899215221,0.0031956976745277643,0.3040061295032501,-9.169217109680176,0.06864655017852783
2025-03-07 02:17:19.162954,320,240,20,20,5.4708327598506,-0.0026616270188242197,-0.007456046529114246,0.0010646508308127522,0.3040061295032501,-9.149603843688965,0.127486452460289
2025-03-07 02:17:19.192539,320,240,20,20,5.523995262375683,-0.0010646508308127522,-0.0015969761880114675,0.0010646508308127522,0.2843928337097168,-9.169217109680176,0.14709974825382233
2025-03-07 02:17:19.221839,320,240,20,20,5.500655261267093,-0.003728023264557123,-0.008520697243511677,0.0026616270188242197,0.2843928337097168,-9.169217109680176,0.08825984597206116
2025-03-07 02:17:19.250718,320,240,20,20,5.48225526039314,-0.0005323254154063761,-0.006923720706254244,0.0021293016616255045,0.3040061295032501,-9.169217109680176,0.009806649759411812
2025-03-07 02:17:19.280140,320,240,20,20,5.477567760170496,-0.0010646508308127522,-0.006391395349055529,0.0005323254154063761,0.2843928337097168,-9.188830375671387,0.06864655017852783
2025-03-07 02:17:19.321320,320,240,20,20,5.452542758981872,-0.004260348621755838,-0.0005323254154063761,0.003728023264557123,0.2843928337097168,-9.169217109680176,0.10787314921617508
2025-03-07 02:17:19.360575,320,240,20,20,5.481172760341724,-0.0005323254154063761,-0.007456046529114246,0.0015969761880114675,0.3040061295032501,-9.169217109680176,0.10787314921617508
2025-03-07 02:17:19.404368,320,240,20,20,5.523725262362859,-0.0015969761880114675,-0.013847441412508488,0.003728023264557123,0.3040061295032501,-9.169217109680176,0.10787314921617508
2025-03-07 02:17:19.445666,320,240,20,20,5.53136526272574,-0.0031956976745277643,-0.007988371886312962,-0.0005323254154063761,0.2843928337097168,-9.188830375671387,0.08825984597206116
2025-03-07 02:17:19.484221,320,240,20,20,5.465550259599695,-0.004792673978954554,-0.0026616270188242197,0.0,0.3040061295032501,-9.169217109680176,0.06864655017852783
2025-03-07 02:17:19.520962,320,240,20,20,5.524450262397295,0.0005323254154063761,-0.004792673978954554,0.003728023264557123,0.3040061295032501,-9.169217109680176,0.08825984597206116
2025-03-07 02:17:19.559333,320,240,20,20,5.546830263460288,0.0005323254154063761,-0.008520697243511677,0.0,0.2843928337097168,-9.169217109680176,0.127486452460289
2025-03-07 02:17:19.595890,320,240,20,20,5.50895776166144,-0.003728023264557123,-0.006923720706254244,0.005324999336153269,0.3040061295032501,-9.169217109680176,0.14709974825382233
2025-03-07 02:17:19.630870,320,240,20,20,5.487952760663757,-0.003728023264557123,-0.005324999336153269,0.0026616270188242197,0.3040061295032501,-9.169217109680176,0.029419949278235435
2025-03-07 02:17:19.669416,320,240,20,20,5.543777763315302,-0.003728023264557123,-0.010119418613612652,0.0005323254154063761,0.3040061295032501,-9.169217109680176,0.04903324693441391
2025-03-07 02:17:19.707114,320,240,20,20,5.552880263747648,-0.0005323254154063761,-0.007988371886312962,0.0026616270188242197,0.3040061295032501,-9.169217109680176,0.08825984597206116
2025-03-07 02:17:19.744755,320,240,20,20,5.5110752617620165,0.003728023264557123,0.0,0.0015969761880114675,0.3040061295032501,-9.149603843688965,0.10787314921617508
2025-03-07 02:17:19.786901,320,240,20,20,5.524675262407982,0.0010646508308127522,-0.009587093256413937,0.0005323254154063761,0.2843928337097168,-9.169217109680176,0.10787314921617508
2025-03-07 02:17:19.823472,320,240,20,20,5.530855262701516,-0.003728023264557123,-0.004792673978954554,0.0,0.2843928337097168,-9.169217109680176,0.10787314921617508
2025-03-07 02:17:19.863368,320,240,20,20,5.540485263158916,0.0005323254154063761,-0.0015969761880114675,0.0010646508308127522,0.2843928337097168,-9.149603843688965,0.04903324693441391
2025-03-07 02:17:19.901377,320,240,20,20,5.532170262763975,0.0005323254154063761,-0.007456046529114246,0.003728023264557123,0.3040061295032501,-9.169217109680176,0.029419949278235435
2025-03-07 02:17:19.940288,320,240,20,20,5.549815263602068,0.0,-0.007456046529114246,0.0010646508308127522,0.3040061295032501,-9.169217109680176,0.08825984597206116
2025-03-07 02:17:19.976437,320,240,20,20,5.528805262604147,0.0,-0.006391395349055529,-0.0010646508308127522,0.3040061295032501,-9.169217109680176,0.127486452460289
2025-03-07 02:17:20.015100,320,240,20,20,5.488402760685131,-0.004792673978954554,-0.003728023264557123,0.0031956976745277643,0.3040061295032501,-9.169217109680176,0.08825984597206116
2025-03-07 02:17:20.051716,320,240,20,20,5.524592762404064,-0.004260348621755838,-0.005859069991856813,-0.0010646508308127522,0.3040061295032501,-9.169217109680176,0.04903324693441391
2025-03-07 02:17:20.088330,320,240,20,20,5.533675262835459,-0.0010646508308127522,-0.005324999336153269,0.0031956976745277643,0.3040061295032501,-9.169217109680176,0.06864655017852783
2025-03-07 02:17:20.127153,320,240,20,20,5.482392760399671,0.0005323254154063761,-0.008520697243511677,0.0015969761880114675,0.3040061295032501,-9.169217109680176,0.08825984597206116
2025-03-07 02:17:20.165553,320,240,20,20,5.524880262417719,0.003728023264557123,-0.007988371886312962,-0.0005323254154063761,0.3040061295032501,-9.188830375671387,0.10787314921617508
2025-03-07 02:17:20.204110,320,240,20,20,5.494425260971184,-0.0031956976745277643,-0.0031956976745277643,0.0005323254154063761,0.2843928337097168,-9.169217109680176,0.127486452460289
2025-03-07 02:17:20.242603,320,240,20,20,5.471805259896792,-0.005859069991856813,-0.006391395349055529,0.0026616270188242197,0.3040061295032501,-9.169217109680176,0.10787314921617508
2025-03-07 02:17:20.280706,320,240,20,20,5.5579052639863225,-0.0010646508308127522,-0.009587093256413937,0.0031956976745277643,0.3040061295032501,-9.149603843688965,0.029419949278235435
2025-03-07 02:17:20.318725,320,240,20,20,5.502990261378,0.0,-0.010651743970811367,0.003728023264557123,0.3040061295032501,-9.169217109680176,0.029419949278235435
2025-03-07 02:17:20.355645,320,240,20,20,5.494892760993389,-0.0026616270188242197,-0.003728023264557123,0.0005323254154063761,0.2843928337097168,-9.169217109680176,0.127486452460289
2025-03-07 02:17:20.394092,320,240,20,20,5.440815258424846,-0.004260348621755838,-0.009054767899215221,0.0021293016616255045,0.3040061295032501,-9.169217109680176,0.06864655017852783
2025-03-07 02:17:20.433391,320,240,20,20,5.545540263399016,-0.0021293016616255045,-0.006391395349055529,-0.0005323254154063761,0.3040061295032501,-9.169217109680176,0.06864655017852783
2025-03-07 02:17:20.470703,320,240,20,20,5.523752762364166,-0.0026616270188242197,-0.0031956976745277643,0.0010646508308127522,0.3040061295032501,-9.169217109680176,0.04903324693441391
2025-03-07 02:17:20.514443,320,240,20,20,5.495260261010844,-0.0010646508308127522,-0.0010646508308127522,0.0021293016616255045,0.3040061295032501,-9.149603843688965,0.04903324693441391
2025-03-07 02:17:20.551121,320,240,20,20,5.565272764336259,0.0005323254154063761,-0.004792673978954554,-0.0010646508308127522,0.3040061295032501,-9.169217109680176,0.08825984597206116
2025-03-07 02:17:20.591616,320,240,20,20,5.530697762694035,-0.0015969761880114675,-0.005324999336153269,0.0010646508308127522,0.2843928337097168,-9.169217109680176,0.127486452460289
2025-03-07 02:17:20.632012,320,240,20,20,5.557752763979079,-0.005324999336153269,-0.0026616270188242197,0.0021293016616255045,0.2843928337097168,-9.188830375671387,0.08825984597206116
2025-03-07 02:17:20.673509,320,240,20,20,5.546385263439151,-0.005324999336153269,-0.003728023264557123,-0.0005323254154063761,0.2843928337097168,-9.169217109680176,0.029419949278235435
2025-03-07 02:17:20.713977,320,240,20,20,5.483652760459518,-0.0026616270188242197,-0.009054767899215221,0.005859069991856813,0.2843928337097168,-9.169217109680176,0.06864655017852783
2025-03-07 02:17:20.749879,320,240,20,20,5.501412761303072,0.0,-0.006391395349055529,0.0005323254154063761,0.3040061295032501,-9.149603843688965,0.14709974825382233
2025-03-07 02:17:20.793879,320,240,20,20,5.4794052602577725,-0.004260348621755838,-0.004260348621755838,0.0,0.3040061295032501,-9.169217109680176,0.08825984597206116
2025-03-07 02:17:20.832307,320,240,20,20,5.479285260252072,-0.0031956976745277643,-0.009587093256413937,0.0010646508308127522,0.2843928337097168,-9.169217109680176,0.04903324693441391
2025-03-07 02:17:20.869147,320,240,20,20,5.49202526085719,-0.003728023264557123,-0.0005323254154063761,0.0015969761880114675,0.2843928337097168,-9.188830375671387,0.08825984597206116
2025-03-07 02:17:20.907122,320,240,20,20,5.520550262212055,0.0026616270188242197,-0.0005323254154063761,0.0026616270188242197,0.3040061295032501,-9.169217109680176,0.06864655017852783
2025-03-07 02:17:20.945209,320,240,20,20,5.523307762343029,-0.0005323254154063761,-0.006923720706254244,0.0026616270188242197,0.3040061295032501,-9.169217109680176,0.08825984597206116
2025-03-07 02:17:20.980538,320,240,20,20,5.520602762214549,-0.0021293016616255045,-0.004260348621755838,0.003728023264557123,0.3040061295032501,-9.169217109680176,0.127486452460289
2025-03-07 02:17:21.011551,320,240,20,20,5.472997759953432,-0.004260348621755838,-0.010119418613612652,0.0005323254154063761,0.3040061295032501,-9.169217109680176,0.127486452460289
2025-03-07 02:17:21.041380,320,240,20,20,5.495250261010369,-0.0031956976745277643,-0.004792673978954554,0.0031956976745277643,0.3040061295032501,-9.169217109680176,0.04903324693441391
2025-03-07 02:17:21.070662,320,240,20,20,5.562422764200892,0.0010646508308127522,-0.008520697243511677,0.005324999336153269,0.3040061295032501,-9.169217109680176,0.04903324693441391
2025-03-07 02:17:21.100074,320,240,20,20,5.522327762296482,-0.0010646508308127522,-0.0031956976745277643,-0.0021293016616255045,0.2843928337097168,-9.169217109680176,0.06864655017852783
2025-03-07 02:17:21.129632,320,240,20,20,5.583515265202732,-0.0010646508308127522,-0.006391395349055529,0.004792673978954554,0.3040061295032501,-9.169217109680176,0.10787314921617508
2025-03-07 02:17:21.159288,320,240,20,20,5.477535260168952,-0.0010646508308127522,-0.005324999336153269,0.0005323254154063761,0.3040061295032501,-9.169217109680176,0.10787314921617508
2025-03-07 02:17:21.193157,320,240,20,20,5.480232760297076,-0.0021293016616255045,-0.010119418613612652,0.0031956976745277643,0.3040061295032501,-9.169217109680176,0.08825984597206116
2025-03-07 02:17:21.232885,320,240,20,20,5.48418526048481,-0.0010646508308127522,-0.005859069991856813,0.0015969761880114675,0.3040061295032501,-9.169217109680176,0.08825984597206116
2025-03-07 02:17:21.266445,320,240,20,20,5.509312761678302,-0.004792673978954554,-0.005859069991856813,0.004260348621755838,0.3040061295032501,-9.169217109680176,0.04903324693441391
2025-03-07 02:17:21.304666,320,240,20,20,5.482947760426032,-0.0005323254154063761,-0.003728023264557123,0.0021293016616255045,0.3040061295032501,-9.169217109680176,0.04903324693441391
2025-03-07 02:17:21.337035,320,240,20,20,5.575832764837832,-0.0005323254154063761,-0.008520697243511677,0.003728023264557123,0.3040061295032501,-9.169217109680176,0.06864655017852783
2025-03-07 02:17:21.366588,320,240,20,20,5.524575262403232,0.0031956976745277643,-0.006923720706254244,0.0031956976745277643,0.2843928337097168,-9.169217109680176,0.10787314921617508
2025-03-07 02:17:21.396504,320,240,20,20,5.489270260726334,-0.0005323254154063761,-0.006391395349055529,0.0010646508308127522,0.3040061295032501,-9.188830375671387,0.08825984597206116
2025-03-07 02:17:21.425114,320,240,20,20,5.533597762831778,-0.0010646508308127522,-0.007988371886312962,0.0021293016616255045,0.3040061295032501,-9.169217109680176,0.04903324693441391
2025-03-07 02:17:21.463548,320,240,20,20,5.520992762233073,0.0015969761880114675,-0.009054767899215221,0.005324999336153269,0.3040061295032501,-9.169217109680176,0.06864655017852783
2025-03-07 02:17:21.502308,320,240,20,20,5.546577763448295,-0.0010646508308127522,-0.005859069991856813,0.0021293016616255045,0.3040061295032501,-9.188830375671387,0.06864655017852783
2025-03-07 02:17:21.557107,320,240,20,20,5.561615264162538,0.0,-0.0031956976745277643,0.0005323254154063761,0.3040061295032501,-9.169217109680176,0.08825984597206116
2025-03-07 02:17:21.616705,320,240,20,20,5.540722763170197,-0.003728023264557123,-0.004792673978954554,0.0,0.3040061295032501,-9.188830375671387,0.08825984597206116
2025-03-07 02:17:21.675266,320,240,20,20,5.480272760298976,0.0,-0.003728023264557123,0.0,0.3040061295032501,-9.169217109680176,0.04903324693441391
2025-03-07 02:17:21.740073,320,240,20,20,5.5576402639737355,-0.004792673978954554,-0.006923720706254244,0.003728023264557123,0.2843928337097168,-9.149603843688965,0.04903324693441391
2025-03-07 02:17:21.799871,320,240,20,20,5.564267764288525,-0.003728023264557123,-0.003728023264557123,0.0005323254154063761,0.2843928337097168,-9.169217109680176,0.14709974825382233
2025-03-07 02:17:21.863935,320,240,20,20,5.506632761551009,-0.0005323254154063761,-0.004792673978954554,0.0010646508308127522,0.3040061295032501,-9.169217109680176,0.06864655017852783
2025-03-07 02:17:21.924693,320,240,20,20,5.531905262751389,-0.0021293016616255045,-0.006923720706254244,-0.0005323254154063761,0.3040061295032501,-9.169217109680176,0.06864655017852783
2025-03-07 02:17:21.988084,320,240,20,20,5.482427760401333,0.0021293016616255045,-0.005859069991856813,0.0,0.3040061295032501,-9.169217109680176,0.08825984597206116
2025-03-07 02:17:22.051796,320,240,20,20,5.545410263392841,0.0010646508308127522,-0.006923720706254244,0.005324999336153269,0.2843928337097168,-9.169217109680176,0.08825984597206116
2025-03-07 02:17:22.103332,320,240,20,20,5.561302764147695,0.0005323254154063761,-0.010119418613612652,0.004792673978954554,0.3040061295032501,-9.169217109680176,0.06864655017852783
2025-03-07 02:17:22.161072,320,240,20,20,5.535137762904924,-0.0021293016616255045,-0.007988371886312962,0.0031956976745277643,0.2843928337097168,-9.149603843688965,0.10787314921617508
2025-03-07 02:17:22.222731,320,240,20,20,5.536735262980801,-0.0010646508308127522,-0.003728023264557123,0.0,0.3040061295032501,-9.188830375671387,0.08825984597206116
2025-03-07 02:17:22.283891,320,240,20,20,5.551092763662746,-0.0015969761880114675,-0.003728023264557123,-0.0021293016616255045,0.3040061295032501,-9.149603843688965,0.06864655017852783
2025-03-07 02:17:22.344426,320,240,20,20,5.511145261765341,-0.004260348621755838,-0.005859069991856813,0.0015969761880114675,0.3040061295032501,-9.169217109680176,0.08825984597206116
2025-03-07 02:17:22.397553,320,240,20,20,5.480355260302895,-0.0005323254154063761,-0.0026616270188242197,0.0010646508308127522,0.3040061295032501,-9.169217109680176,0.10787314921617508
2025-03-07 02:17:22.441565,320,240,20,20,5.551050263660727,-0.005324999336153269,-0.006391395349055529,-0.0021293016616255045,0.2843928337097168,-9.169217109680176,0.08825984597206116
2025-03-07 02:17:22.480302,320,240,20,20,5.530082762664824,0.0,-0.009587093256413937,-0.0015969761880114675,0.3040061295032501,-9.169217109680176,0.06864655017852783
2025-03-07 02:17:22.513671,320,240,20,20,5.501880261325278,-0.0010646508308127522,-0.006391395349055529,-0.0005323254154063761,0.3040061295032501,-9.169217109680176,0.06864655017852783
2025-03-07 02:17:22.543619,320,240,20,20,5.5108077617493105,-0.0015969761880114675,-0.0015969761880114675,0.0,0.3040061295032501,-9.169217109680176,0.10787314921617508
2025-03-07 02:17:22.572892,320,240,20,20,5.566930264414987,-0.0010646508308127522,-0.005324999336153269,0.0026616270188242197,0.3040061295032501,-9.149603843688965,0.08825984597206116
2025-03-07 02:17:22.601952,320,240,20,20,5.578715264974744,-0.004260348621755838,-0.004260348621755838,0.007456046529114246,0.3040061295032501,-9.169217109680176,0.08825984597206116
2025-03-07 02:17:22.630995,320,240,20,20,5.549420263583306,-0.0021293016616255045,-0.004260348621755838,0.004260348621755838,0.2843928337097168,-9.188830375671387,0.08825984597206116
2025-03-07 02:17:22.660253,320,240,20,20,5.586625265350449,0.0,-0.007456046529114246,0.004792673978954554,0.3040061295032501,-9.188830375671387,0.06864655017852783
2025-03-07 02:17:22.689694,320,240,20,20,5.486975260617328,-0.0031956976745277643,-0.004260348621755838,0.005324999336153269,0.3040061295032501,-9.188830375671387,0.04903324693441391
2025-03-07 02:17:22.719147,320,240,20,20,5.535630262928317,-0.0021293016616255045,-0.006923720706254244,0.005324999336153269,0.3040061295032501,-9.169217109680176,0.08825984597206116
2025-03-07 02:17:22.748174,320,240,20,20,5.5357302629330665,0.0015969761880114675,-0.009587093256413937,0.0026616270188242197,0.3040061295032501,-9.169217109680176,0.10787314921617508
2025-03-07 02:17:22.785555,320,240,20,20,5.472772759942745,0.0,-0.006391395349055529,0.0015969761880114675,0.3040061295032501,-9.169217109680176,0.08825984597206116
2025-03-07 02:17:22.815571,320,240,20,20,5.511135261764866,-0.004260348621755838,-0.009054767899215221,0.0026616270188242197,0.3040061295032501,-9.169217109680176,0.06864655017852783
2025-03-07 02:17:22.854184,320,240,20,20,5.522045262283063,-0.003728023264557123,-0.0021293016616255045,0.005324999336153269,0.3040061295032501,-9.169217109680176,0.04903324693441391
2025-03-07 02:17:22.884540,320,240,20,20,5.546952763466106,-0.004792673978954554,-0.008520697243511677,0.004260348621755838,0.3040061295032501,-9.169217109680176,0.06864655017852783
2025-03-07 02:17:22.915828,320,240,20,20,5.559080264042132,0.0021293016616255045,-0.0031956976745277643,0.0015969761880114675,0.3040061295032501,-9.169217109680176,0.10787314921617508
2025-03-07 02:17:22.954240,320,240,20,20,5.529025262614596,0.0005323254154063761,-0.004260348621755838,0.0021293016616255045,0.3040061295032501,-9.169217109680176,0.06864655017852783
2025-03-07 02:17:22.983613,320,240,20,20,5.498665261172573,-0.004792673978954554,-0.006391395349055529,0.0005323254154063761,0.3040061295032501,-9.169217109680176,0.127486452460289
2025-03-07 02:17:23.015708,320,240,20,20,5.534680262883194,0.0026616270188242197,-0.004260348621755838,0.0015969761880114675,0.3040061295032501,-9.149603843688965,0.08825984597206116
2025-03-07 02:17:23.054977,320,240,20,20,5.545345263389754,0.0010646508308127522,-0.005859069991856813,0.0010646508308127522,0.2843928337097168,-9.169217109680176,0.029419949278235435
2025-03-07 02:17:23.086225,320,240,20,20,5.560405264105066,-0.0015969761880114675,-0.009054767899215221,-0.003728023264557123,0.3040061295032501,-9.188830375671387,0.029419949278235435
2025-03-07 02:17:23.115174,320,240,20,20,5.533780262840446,-0.0015969761880114675,-0.003728023264557123,0.0026616270188242197,0.2843928337097168,-9.169217109680176,0.10787314921617508
2025-03-07 02:17:23.152944,320,240,20,20,5.505660261504818,0.0,-0.009054767899215221,0.0015969761880114675,0.2843928337097168,-9.188830375671387,0.127486452460289
2025-03-07 02:17:23.182993,320,240,20,20,5.535630262928317,-0.0031956976745277643,-0.004792673978954554,0.0005323254154063761,0.2843928337097168,-9.149603843688965,0.127486452460289
2025-03-07 02:17:23.220468,320,240,20,20,5.540672763167822,-0.0010646508308127522,-0.004792673978954554,0.005324999336153269,0.3040061295032501,-9.169217109680176,0.06864655017852783
2025-03-07 02:17:23.251096,320,240,20,20,5.48711026062374,-0.004260348621755838,-0.006923720706254244,0.0015969761880114675,0.3040061295032501,-9.169217109680176,0.029419949278235435
2025-03-07 02:17:23.282719,320,240,20,20,5.537705263026874,-0.0005323254154063761,-0.0031956976745277643,0.005859069991856813,0.3040061295032501,-9.169217109680176,0.04903324693441391
2025-03-07 02:17:23.321906,320,240,20,20,5.523207762338279,-0.0026616270188242197,-0.005859069991856813,0.0031956976745277643,0.2843928337097168,-9.149603843688965,0.06864655017852783
2025-03-07 02:17:23.351643,320,240,20,20,5.4959952610457545,0.0005323254154063761,-0.008520697243511677,0.005859069991856813,0.3040061295032501,-9.169217109680176,0.10787314921617508
2025-03-07 02:17:23.382030,320,240,20,20,5.52736526253575,-0.003728023264557123,-0.005859069991856813,0.0026616270188242197,0.3040061295032501,-9.169217109680176,0.10787314921617508
2025-03-07 02:17:23.420591,320,240,20,20,5.473052759956045,0.0015969761880114675,-0.004792673978954554,0.0005323254154063761,0.32361945509910583,-9.169217109680176,0.10787314921617508
2025-03-07 02:17:23.450933,320,240,20,20,5.424925257670111,-0.0015969761880114675,-0.007988371886312962,0.003728023264557123,0.3040061295032501,-9.169217109680176,0.04903324693441391
2025-03-07 02:17:23.483773,320,240,20,20,5.499730261223158,0.0026616270188242197,-0.005324999336153269,0.0015969761880114675,0.3040061295032501,-9.169217109680176,0.04903324693441391
2025-03-07 02:17:23.518948,320,240,20,20,5.501707761317084,0.0015969761880114675,-0.007988371886312962,0.003728023264557123,0.2843928337097168,-9.169217109680176,0.10787314921617508
2025-03-07 02:17:23.550451,320,240,20,20,5.5622952641948356,0.0015969761880114675,-0.006391395349055529,0.0015969761880114675,0.3040061295032501,-9.188830375671387,0.127486452460289
2025-03-07 02:17:23.584200,320,240,20,20,5.5169277620399955,-0.0010646508308127522,-0.0031956976745277643,0.0015969761880114675,0.2843928337097168,-9.169217109680176,0.08825984597206116
2025-03-07 02:17:23.616874,320,240,20,20,5.504582761453639,0.0021293016616255045,-0.008520697243511677,0.0,0.3040061295032501,-9.169217109680176,0.06864655017852783
2025-03-07 02:17:23.651757,320,240,20,20,5.521915262276889,0.0010646508308127522,-0.003728023264557123,0.0015969761880114675,0.3040061295032501,-9.169217109680176,0.04903324693441391
2025-03-07 02:17:23.687470,320,240,20,20,5.481297760347661,0.0031956976745277643,-0.004792673978954554,0.0021293016616255045,0.3040061295032501,-9.169217109680176,0.06864655017852783
2025-03-07 02:17:23.724974,320,240,20,20,5.554200263810344,-0.0010646508308127522,-0.005324999336153269,0.0,0.3040061295032501,-9.169217109680176,0.06864655017852783
2025-03-07 02:17:23.765408,320,240,20,20,5.501720261317677,0.0010646508308127522,-0.011184069328010082,0.0010646508308127522,0.3040061295032501,-9.169217109680176,0.08825984597206116
2025-03-07 02:17:23.809740,320,240,20,20,5.530575262688217,-0.0010646508308127522,-0.007456046529114246,0.004260348621755838,0.3040061295032501,-9.188830375671387,0.10787314921617508
2025-03-07 02:17:23.849407,320,240,20,20,5.5322677627686065,0.0010646508308127522,-0.0010646508308127522,0.0,0.3040061295032501,-9.169217109680176,0.08825984597206116
2025-03-07 02:17:23.886412,320,240,20,20,5.584625265255454,0.004260348621755838,-0.0021293016616255045,0.0021293016616255045,0.2843928337097168,-9.169217109680176,0.029419949278235435
2025-03-07 02:17:23.923483,320,240,20,20,5.528392762584554,0.0021293016616255045,-0.0031956976745277643,-0.0010646508308127522,0.3040061295032501,-9.169217109680176,0.127486452460289
2025-03-07 02:17:23.964698,320,240,20,20,5.5471327634746554,-0.0031956976745277643,-0.003728023264557123,0.007988371886312962,0.3040061295032501,-9.169217109680176,0.10787314921617508
2025-03-07 02:17:24.001431,320,240,20,20,5.45768025922589,0.0005323254154063761,-0.003728023264557123,0.005324999336153269,0.2843928337097168,-9.169217109680176,0.08825984597206116
2025-03-07 02:17:24.039390,320,240,20,20,5.518670262122759,-0.003728023264557123,-0.010651743970811367,0.004792673978954554,0.2843928337097168,-9.169217109680176,0.08825984597206116
2025-03-07 02:17:24.076986,320,240,20,20,5.56547026434564,-0.0026616270188242197,-0.004792673978954554,0.0021293016616255045,0.32361945509910583,-9.169217109680176,0.10787314921617508
2025-03-07 02:17:24.115542,320,240,20,20,5.545282763386785,0.0005323254154063761,-0.0026616270188242197,0.0015969761880114675,0.2843928337097168,-9.169217109680176,0.06864655017852783
2025-03-07 02:17:24.149489,320,240,20,20,5.546590263448889,-0.0021293016616255045,-0.006923720706254244,0.0015969761880114675,0.2843928337097168,-9.169217109680176,0.04903324693441391
2025-03-07 02:17:24.178739,320,240,20,20,5.602457766102452,-0.0010646508308127522,-0.007988371886312962,0.0031956976745277643,0.3040061295032501,-9.169217109680176,0.08825984597206116
2025-03-07 02:17:24.208074,320,240,20,20,5.507447761589719,0.0026616270188242197,-0.005324999336153269,0.0021293016616255045,0.32361945509910583,-9.169217109680176,0.06864655017852783
2025-03-07 02:17:24.237450,320,240,20,20,5.552622763735417,-0.005324999336153269,-0.007988371886312962,0.0021293016616255045,0.3040061295032501,-9.169217109680176,0.08825984597206116
2025-03-07 02:17:24.266542,320,240,20,20,5.488580260693562,-0.0021293016616255045,-0.0026616270188242197,0.004260348621755838,0.2843928337097168,-9.169217109680176,0.06864655017852783
2025-03-07 02:17:24.295874,320,240,20,20,5.562235264191986,-0.004260348621755838,-0.006391395349055529,0.0021293016616255045,0.2843928337097168,-9.169217109680176,0.08825984597206116
2025-03-07 02:17:24.325202,320,240,20,20,5.5666852644033495,-0.005324999336153269,-0.006923720706254244,0.003728023264557123,0.32361945509910583,-9.169217109680176,0.10787314921617508
2025-03-07 02:17:24.353973,320,240,20,20,5.5577727639800285,-0.006391395349055529,-0.004792673978954554,0.0005323254154063761,0.2843928337097168,-9.169217109680176,0.127486452460289
2025-03-07 02:17:24.383384,320,240,20,20,5.450042758863129,-0.010651743970811367,-0.006391395349055529,-0.0021293016616255045,0.26477953791618347,-9.169217109680176,0.127486452460289
2025-03-07 02:17:24.416700,320,240,20,20,5.518792762128578,-0.006923720706254244,-0.006923720706254244,0.0031956976745277643,0.3040061295032501,-9.169217109680176,0.06864655017852783
2025-03-07 02:17:24.453692,320,240,20,20,5.5146652619325325,-0.0031956976745277643,-0.006923720706254244,0.0021293016616255045,0.3040061295032501,-9.169217109680176,0.08825984597206116
2025-03-07 02:17:24.485233,320,240,20,20,5.491642760839023,-0.004260348621755838,-0.007988371886312962,0.0021293016616255045,0.3040061295032501,-9.169217109680176,0.127486452460289
2025-03-07 02:17:24.517973,320,240,20,20,5.538670263072708,-0.0015969761880114675,-0.005324999336153269,-0.0010646508308127522,0.2843928337097168,-9.188830375671387,0.06864655017852783
2025-03-07 02:17:24.553749,320,240,20,20,5.508475261638523,0.0,-0.012250465340912342,0.0031956976745277643,0.3040061295032501,-9.169217109680176,0.06864655017852783
2025-03-07 02:17:24.583467,320,240,20,20,5.553535263778758,-0.006391395349055529,-0.006391395349055529,-0.0005323254154063761,0.3040061295032501,-9.169217109680176,0.10787314921617508
2025-03-07 02:17:24.624857,320,240,20,20,5.4518702589499295,0.0005323254154063761,-0.005324999336153269,-0.0005323254154063761,0.2843928337097168,-9.169217109680176,0.08825984597206116
2025-03-07 02:17:24.662626,320,240,20,20,5.538750263076508,-0.0026616270188242197,-0.006923720706254244,0.0021293016616255045,0.2843928337097168,-9.169217109680176,0.04903324693441391
2025-03-07 02:17:24.697175,320,240,20,20,5.520350262202555,-0.0021293016616255045,-0.012250465340912342,0.003728023264557123,0.3040061295032501,-9.169217109680176,0.08825984597206116
2025-03-07 02:17:24.726448,320,240,20,20,5.499695261221495,-0.004260348621755838,-0.004260348621755838,0.005324999336153269,0.32361945509910583,-9.169217109680176,0.127486452460289
2025-03-07 02:17:24.755979,320,240,20,20,5.419312757403532,-0.0005323254154063761,-0.005859069991856813,-0.0021293016616255045,0.3040061295032501,-9.169217109680176,0.10787314921617508
2025-03-07 02:17:24.796575,320,240,20,20,5.511057761761185,-0.003728023264557123,-0.004792673978954554,-0.003728023264557123,0.2843928337097168,-9.169217109680176,0.04903324693441391
2025-03-07 02:17:24.839931,320,240,20,20,5.545732763408159,-0.0010646508308127522,-0.006923720706254244,0.0021293016616255045,0.3040061295032501,-9.188830375671387,0.06864655017852783
2025-03-07 02:17:24.880921,320,240,20,20,5.498882761182903,0.0015969761880114675,-0.006923720706254244,0.0031956976745277643,0.3040061295032501,-9.169217109680176,0.127486452460289
2025-03-07 02:17:24.918605,320,240,20,20,5.497002761093609,0.0026616270188242197,0.0010646508308127522,0.0005323254154063761,0.3040061295032501,-9.169217109680176,0.08825984597206116
2025-03-07 02:17:24.956190,320,240,20,20,5.48721026062849,-0.0026616270188242197,-0.006391395349055529,0.0021293016616255045,0.2843928337097168,-9.169217109680176,0.06864655017852783
2025-03-07 02:17:24.994909,320,240,20,20,5.559897764080961,0.0021293016616255045,-0.007988371886312962,-0.0015969761880114675,0.3040061295032501,-9.169217109680176,0.08825984597206116
2025-03-07 02:17:25.031933,320,240,20,20,5.460175259344396,-0.0005323254154063761,-0.0026616270188242197,0.0,0.3040061295032501,-9.188830375671387,0.08825984597206116
2025-03-07 02:17:25.065857,320,240,20,20,5.56198776418023,0.0026616270188242197,-0.004260348621755838,0.0010646508308127522,0.2843928337097168,-9.169217109680176,0.04903324693441391
2025-03-07 02:17:25.095404,320,240,20,20,5.49564526102913,-0.0015969761880114675,-0.004260348621755838,0.0,0.3040061295032501,-9.169217109680176,0.10787314921617508
2025-03-07 02:17:25.124292,320,240,20,20,5.487710260652238,-0.0026616270188242197,-0.006391395349055529,0.0010646508308127522,0.3040061295032501,-9.169217109680176,0.14709974825382233
2025-03-07 02:17:25.153197,320,240,20,20,5.473805259991787,0.0,-0.007456046529114246,0.0015969761880114675,0.2843928337097168,-9.188830375671387,0.06864655017852783
2025-03-07 02:17:25.182781,320,240,20,20,5.529337762629439,-0.0010646508308127522,-0.012782790698111057,0.0026616270188242197,0.3040061295032501,-9.149603843688965,0.029419949278235435
2025-03-07 02:17:25.221948,320,240,20,20,5.541280263196677,-0.0031956976745277643,-0.007456046529114246,0.003728023264557123,0.32361945509910583,-9.169217109680176,0.10787314921617508
2025-03-07 02:17:25.251937,320,240,20,20,5.5588777640325135,-0.0026616270188242197,-0.0021293016616255045,-0.0015969761880114675,0.2843928337097168,-9.188830375671387,0.127486452460289
2025-03-07 02:17:25.285638,320,240,20,20,5.532940262800548,-0.0005323254154063761,-0.006391395349055529,0.003728023264557123,0.2843928337097168,-9.169217109680176,0.08825984597206116
2025-03-07 02:17:25.318556,320,240,20,20,5.561215264143539,-0.0021293016616255045,-0.006923720706254244,0.0021293016616255045,0.2843928337097168,-9.169217109680176,0.06864655017852783
2025-03-07 02:17:25.353078,320,240,20,20,5.476562760122761,-0.0021293016616255045,-0.004260348621755838,0.004792673978954554,0.3040061295032501,-9.169217109680176,0.08825984597206116
2025-03-07 02:17:25.393467,320,240,20,20,5.5465052634448515,-0.003728023264557123,-0.005859069991856813,0.005324999336153269,0.32361945509910583,-9.169217109680176,0.06864655017852783
2025-03-07 02:17:25.431670,320,240,20,20,5.56409776428045,0.0026616270188242197,-0.0015969761880114675,0.0015969761880114675,0.3040061295032501,-9.169217109680176,0.06864655017852783
2025-03-07 02:17:25.468058,320,240,20,20,5.526912762514257,0.003728023264557123,-0.006923720706254244,-0.0015969761880114675,0.3040061295032501,-9.169217109680176,0.08825984597206116
2025-03-07 02:17:25.505055,320,240,20,20,5.518395262109697,-0.0021293016616255045,-0.006923720706254244,0.0,0.2843928337097168,-9.188830375671387,0.127486452460289
2025-03-07 02:17:25.542957,320,240,20,20,5.556032763897383,0.0,-0.004260348621755838,0.0026616270188242197,0.3040061295032501,-9.169217109680176,0.10787314921617508
2025-03-07 02:17:25.580024,320,240,20,20,5.5712977646224315,0.0,-0.013847441412508488,0.003728023264557123,0.3040061295032501,-9.149603843688965,0.029419949278235435
2025-03-07 02:17:25.614382,320,240,20,20,5.536297762960021,-0.0005323254154063761,-0.009054767899215221,0.0026616270188242197,0.2843928337097168,-9.169217109680176,0.06864655017852783
2025-03-07 02:17:25.643438,320,240,20,20,5.53166276273987,-0.0010646508308127522,-0.005859069991856813,0.004792673978954554,0.2843928337097168,-9.188830375671387,0.10787314921617508
2025-03-07 02:17:25.672542,320,240,20,20,5.48655276059726,0.0026616270188242197,-0.0021293016616255045,0.0026616270188242197,0.3040061295032501,-9.169217109680176,0.10787314921617508
2025-03-07 02:17:25.701883,320,240,20,20,5.466235259632231,-0.003728023264557123,-0.007988371886312962,0.0026616270188242197,0.2843928337097168,-9.169217109680176,0.10787314921617508
2025-03-07 02:17:25.732940,320,240,20,20,5.521782762270595,-0.0005323254154063761,-0.008520697243511677,0.004792673978954554,0.2843928337097168,-9.169217109680176,0.08825984597206116
2025-03-07 02:17:25.762310,320,240,20,20,5.497877761135169,-0.006391395349055529,-0.004260348621755838,0.0031956976745277643,0.3040061295032501,-9.169217109680176,0.08825984597206116
2025-03-07 02:17:25.796725,320,240,20,20,5.521342762249697,-0.0010646508308127522,-0.006923720706254244,0.0015969761880114675,0.32361945509910583,-9.149603843688965,0.04903324693441391
2025-03-07 02:17:25.838996,320,240,20,20,5.527740262553562,0.0031956976745277643,-0.006391395349055529,0.004260348621755838,0.2843928337097168,-9.169217109680176,0.04903324693441391
2025-03-07 02:17:25.879901,320,240,20,20,5.512587761833856,-0.0015969761880114675,-0.005859069991856813,0.0021293016616255045,0.2843928337097168,-9.169217109680176,0.10787314921617508
2025-03-07 02:17:25.919278,320,240,20,20,5.487030260619941,-0.0026616270188242197,-0.003728023264557123,0.0021293016616255045,0.3040061295032501,-9.169217109680176,0.127486452460289
2025-03-07 02:17:25.955837,320,240,20,20,5.491970260854577,-0.0015969761880114675,-0.004260348621755838,0.0,0.32361945509910583,-9.169217109680176,0.08825984597206116
2025-03-07 02:17:25.992316,320,240,20,20,5.515045261950581,-0.0031956976745277643,-0.0031956976745277643,0.0021293016616255045,0.2843928337097168,-9.169217109680176,0.10787314921617508
2025-03-07 02:17:26.030253,320,240,20,20,5.50396526142431,0.0,-0.007988371886312962,0.0031956976745277643,0.3040061295032501,-9.169217109680176,0.06864655017852783
2025-03-07 02:17:26.063313,320,240,20,20,5.47290275994892,-0.0015969761880114675,-0.005859069991856813,0.0015969761880114675,0.3040061295032501,-9.169217109680176,0.08825984597206116
2025-03-07 02:17:26.092781,320,240,20,20,5.510177761719388,-0.0031956976745277643,-0.004792673978954554,0.004260348621755838,0.3040061295032501,-9.169217109680176,0.08825984597206116
2025-03-07 02:17:26.122045,320,240,20,20,5.534470262873219,0.0,-0.007988371886312962,0.0010646508308127522,0.2843928337097168,-9.169217109680176,0.08825984597206116
2025-03-07 02:17:26.151409,320,240,20,20,5.498095261145499,0.0021293016616255045,-0.0026616270188242197,0.004792673978954554,0.3040061295032501,-9.169217109680176,0.06864655017852783
2025-03-07 02:17:26.185995,320,240,20,20,5.508912761659303,-0.0021293016616255045,-0.0031956976745277643,0.0021293016616255045,0.32361945509910583,-9.169217109680176,0.04903324693441391
2025-03-07 02:17:26.219013,320,240,20,20,5.49598526104528,0.0021293016616255045,-0.006923720706254244,0.0026616270188242197,0.2843928337097168,-9.169217109680176,0.04903324693441391
2025-03-07 02:17:26.254319,320,240,20,20,5.540150263143005,-0.0015969761880114675,-0.007456046529114246,-0.0005323254154063761,0.2843928337097168,-9.169217109680176,0.14709974825382233
2025-03-07 02:17:26.283884,320,240,20,20,5.537930263037561,-0.0010646508308127522,-0.003728023264557123,0.0021293016616255045,0.3040061295032501,-9.169217109680176,0.10787314921617508
2025-03-07 02:17:26.322968,320,240,20,20,5.486202760580636,0.0005323254154063761,-0.010119418613612652,0.004260348621755838,0.3040061295032501,-9.149603843688965,0.06864655017852783
2025-03-07 02:17:26.353204,320,240,20,20,5.505155261480832,-0.004260348621755838,-0.010119418613612652,0.0026616270188242197,0.2843928337097168,-9.169217109680176,0.06864655017852783
2025-03-07 02:17:26.384041,320,240,20,20,5.5458402634132655,-0.0010646508308127522,-0.008520697243511677,0.0021293016616255045,0.3040061295032501,-9.169217109680176,0.06864655017852783
2025-03-07 02:17:26.420600,320,240,20,20,5.460527759361139,0.0005323254154063761,0.0005323254154063761,0.0021293016616255045,0.3040061295032501,-9.188830375671387,0.08825984597206116
2025-03-07 02:17:26.450405,320,240,20,20,5.540760263171978,-0.003728023264557123,-0.004792673978954554,0.0005323254154063761,0.32361945509910583,-9.169217109680176,0.08825984597206116
2025-03-07 02:17:26.488319,320,240,20,20,5.54569276340626,0.0015969761880114675,-0.0031956976745277643,0.0005323254154063761,0.3040061295032501,-9.169217109680176,0.10787314921617508
2025-03-07 02:17:26.517554,320,240,20,20,5.479790260276059,-0.0015969761880114675,-0.007456046529114246,-0.0005323254154063761,0.2843928337097168,-9.169217109680176,0.08825984597206116
2025-03-07 02:17:26.553909,320,240,20,20,5.504477761448652,-0.0021293016616255045,-0.005859069991856813,0.0010646508308127522,0.2843928337097168,-9.169217109680176,0.04903324693441391
2025-03-07 02:17:26.591199,320,240,20,20,5.557715263977298,0.0026616270188242197,-0.004260348621755838,0.0005323254154063761,0.3040061295032501,-9.188830375671387,0.06864655017852783
2025-03-07 02:17:26.628282,320,240,20,20,5.564712764309661,-0.0015969761880114675,-0.006391395349055529,0.0031956976745277643,0.2843928337097168,-9.169217109680176,0.08825984597206116
2025-03-07 02:17:26.665888,320,240,20,20,5.486537760596548,0.005859069991856813,-0.005859069991856813,0.003728023264557123,0.3040061295032501,-9.169217109680176,0.10787314921617508
2025-03-07 02:17:26.702050,320,240,20,20,5.524745262411306,0.0015969761880114675,-0.005859069991856813,0.0026616270188242197,0.3040061295032501,-9.169217109680176,0.08825984597206116
2025-03-07 02:17:26.742941,320,240,20,20,5.530180262669456,-0.0026616270188242197,-0.005324999336153269,0.004260348621755838,0.32361945509910583,-9.169217109680176,0.06864655017852783
2025-03-07 02:17:26.778285,320,240,20,20,5.47272275994037,0.0021293016616255045,-0.005324999336153269,-0.0010646508308127522,0.3040061295032501,-9.169217109680176,0.06864655017852783
2025-03-07 02:17:26.807614,320,240,20,20,5.519305262152921,-0.0021293016616255045,-0.007988371886312962,0.0021293016616255045,0.2843928337097168,-9.169217109680176,0.06864655017852783
2025-03-07 02:17:26.836779,320,240,20,20,5.538800263078883,0.004260348621755838,-0.0031956976745277643,0.0010646508308127522,0.32361945509910583,-9.169217109680176,0.04903324693441391
2025-03-07 02:17:26.866188,320,240,20,20,5.546920263464562,0.0005323254154063761,-0.006391395349055529,0.0015969761880114675,0.3040061295032501,-9.169217109680176,0.08825984597206116
2025-03-07 02:17:26.895448,320,240,20,20,5.497697761126619,-0.0015969761880114675,-0.0031956976745277643,0.0031956976745277643,0.3040061295032501,-9.169217109680176,0.10787314921617508
2025-03-07 02:17:26.932225,320,240,20,20,5.546917763464444,-0.0010646508308127522,-0.007456046529114246,0.0015969761880114675,0.3040061295032501,-9.169217109680176,0.10787314921617508
2025-03-07 02:17:26.968263,320,240,20,20,5.563077764232003,-0.0021293016616255045,-0.004260348621755838,0.0015969761880114675,0.3040061295032501,-9.188830375671387,0.06864655017852783
2025-03-07 02:17:27.007312,320,240,20,20,5.479657760269765,-0.0026616270188242197,-0.007456046529114246,0.0010646508308127522,0.3040061295032501,-9.169217109680176,0.04903324693441391
2025-03-07 02:17:27.039558,320,240,20,20,5.525895262465928,0.0021293016616255045,-0.004792673978954554,0.006391395349055529,0.2843928337097168,-9.169217109680176,0.08825984597206116
2025-03-07 02:17:27.070133,320,240,20,20,5.453837759043381,-0.0005323254154063761,-0.0015969761880114675,0.0021293016616255045,0.2843928337097168,-9.169217109680176,0.08825984597206116
2025-03-07 02:17:27.108473,320,240,20,20,5.5026002613594756,-0.0026616270188242197,-0.007456046529114246,0.0010646508308127522,0.3040061295032501,-9.169217109680176,0.10787314921617508
2025-03-07 02:17:27.148439,320,240,20,20,5.509125261669396,0.0010646508308127522,-0.004792673978954554,0.0026616270188242197,0.2843928337097168,-9.169217109680176,0.06864655017852783
2025-03-07 02:17:27.183963,320,240,20,20,5.596070265799062,-0.0021293016616255045,-0.006923720706254244,-0.0015969761880114675,0.2843928337097168,-9.169217109680176,0.06864655017852783
2025-03-07 02:17:27.222576,320,240,20,20,5.505455261495081,-0.0021293016616255045,-0.004792673978954554,0.0015969761880114675,0.2843928337097168,-9.169217109680176,0.04903324693441391
2025-03-07 02:17:27.260518,320,240,20,20,5.51968276217085,-0.004260348621755838,-0.003728023264557123,0.0,0.3040061295032501,-9.169217109680176,0.10787314921617508
2025-03-07 02:17:27.297587,320,240,20,20,5.497075261097052,-0.004792673978954554,-0.0031956976745277643,-0.0015969761880114675,0.3040061295032501,-9.169217109680176,0.10787314921617508
2025-03-07 02:17:27.335073,320,240,20,20,5.524337762391951,-0.0005323254154063761,-0.009054767899215221,0.004260348621755838,0.3040061295032501,-9.169217109680176,0.06864655017852783
2025-03-07 02:17:27.374517,320,240,20,20,5.544105263330858,-0.0031956976745277643,-0.009054767899215221,-0.0031956976745277643,0.3040061295032501,-9.169217109680176,0.06864655017852783
2025-03-07 02:17:27.412102,320,240,20,20,5.557407763962692,-0.0010646508308127522,-0.006923720706254244,0.003728023264557123,0.3040061295032501,-9.169217109680176,0.06864655017852783
2025-03-07 02:17:27.450150,320,240,20,20,5.557942763988104,-0.0015969761880114675,0.0,0.0026616270188242197,0.2843928337097168,-9.169217109680176,0.08825984597206116
2025-03-07 02:17:27.486663,320,240,20,20,5.479825260277721,-0.0010646508308127522,-0.008520697243511677,0.0026616270188242197,0.3040061295032501,-9.169217109680176,0.08825984597206116
2025-03-07 02:17:27.517377,320,240,20,20,5.564652764306811,0.0005323254154063761,-0.004260348621755838,0.0021293016616255045,0.32361945509910583,-9.169217109680176,0.08825984597206116
2025-03-07 02:17:27.546333,320,240,20,20,5.5575977639717165,-0.004792673978954554,-0.005324999336153269,0.003728023264557123,0.3040061295032501,-9.169217109680176,0.08825984597206116
2025-03-07 02:17:27.575340,320,240,20,20,5.586890265363036,-0.0021293016616255045,-0.007456046529114246,-0.0015969761880114675,0.2843928337097168,-9.169217109680176,0.06864655017852783
2025-03-07 02:17:27.604425,320,240,20,20,5.54587026341469,0.0015969761880114675,-0.0021293016616255045,0.0021293016616255045,0.2843928337097168,-9.149603843688965,0.04903324693441391
2025-03-07 02:17:27.633265,320,240,20,20,5.5357752629352035,0.0015969761880114675,-0.0010646508308127522,0.0005323254154063761,0.3040061295032501,-9.169217109680176,0.08825984597206116
2025-03-07 02:17:27.662427,320,240,20,20,5.5416752632154385,0.0,-0.005324999336153269,0.0005323254154063761,0.3040061295032501,-9.169217109680176,0.10787314921617508
2025-03-07 02:17:27.691439,320,240,20,20,5.565857764364045,0.0,-0.007988371886312962,0.0005323254154063761,0.2843928337097168,-9.169217109680176,0.08825984597206116
2025-03-07 02:17:27.721100,320,240,20,20,5.508982761662628,-0.0010646508308127522,-0.006391395349055529,0.0005323254154063761,0.3040061295032501,-9.169217109680176,0.06864655017852783
2025-03-07 02:17:27.751011,320,240,20,20,5.5208277622252355,0.0021293016616255045,-0.0005323254154063761,0.0005323254154063761,0.3040061295032501,-9.169217109680176,0.06864655017852783
2025-03-07 02:17:27.789194,320,240,20,20,5.518045262093073,0.0,-0.006923720706254244,0.0021293016616255045,0.3040061295032501,-9.169217109680176,0.08825984597206116
2025-03-07 02:17:27.820127,320,240,20,20,5.521482762256346,-0.0010646508308127522,-0.007988371886312962,-0.0010646508308127522,0.3040061295032501,-9.169217109680176,0.06864655017852783
2025-03-07 02:17:27.854376,320,240,20,20,5.602945266125607,0.0031956976745277643,-0.0005323254154063761,0.003728023264557123,0.32361945509910583,-9.169217109680176,0.08825984597206116
2025-03-07 02:17:27.886305,320,240,20,20,5.49982526122767,0.0,-0.009587093256413937,0.0,0.3040061295032501,-9.169217109680176,0.127486452460289
2025-03-07 02:17:27.922511,320,240,20,20,5.525477762446099,-0.003728023264557123,-0.005324999336153269,0.0015969761880114675,0.3040061295032501,-9.169217109680176,0.08825984597206116
2025-03-07 02:17:27.952550,320,240,20,20,5.532735262790811,-0.0015969761880114675,-0.009054767899215221,0.004260348621755838,0.3040061295032501,-9.169217109680176,0.08825984597206116
2025-03-07 02:17:27.987229,320,240,20,20,5.559992764085473,0.0,-0.004792673978954554,0.0026616270188242197,0.3040061295032501,-9.149603843688965,0.06864655017852783
2025-03-07 02:17:28.019974,320,240,20,20,5.522200262290426,-0.0026616270188242197,-0.009054767899215221,0.0026616270188242197,0.3040061295032501,-9.169217109680176,0.06864655017852783
2025-03-07 02:17:28.054726,320,240,20,20,5.4653502595901955,0.0,-0.0005323254154063761,0.0,0.3040061295032501,-9.169217109680176,0.08825984597206116
2025-03-07 02:17:28.086299,320,240,20,20,5.503705261411961,0.0010646508308127522,-0.009587093256413937,0.0,0.2843928337097168,-9.169217109680176,0.10787314921617508
2025-03-07 02:17:28.122901,320,240,20,20,5.571365264625638,0.0005323254154063761,-0.004792673978954554,0.0005323254154063761,0.3040061295032501,-9.169217109680176,0.06864655017852783
2025-03-07 02:17:28.163497,320,240,20,20,5.537057762996119,0.0021293016616255045,-0.0031956976745277643,0.0010646508308127522,0.3040061295032501,-9.169217109680176,0.06864655017852783
2025-03-07 02:17:28.200349,320,240,20,20,5.5470052634686,0.0005323254154063761,-0.005859069991856813,0.0026616270188242197,0.2843928337097168,-9.188830375671387,0.06864655017852783
2025-03-07 02:17:28.237516,320,240,20,20,5.573572764730488,0.0010646508308127522,-0.004792673978954554,0.0021293016616255045,0.3040061295032501,-9.169217109680176,0.08825984597206116
2025-03-07 02:17:28.274923,320,240,20,20,5.5320952627604125,-0.0031956976745277643,-0.008520697243511677,0.0021293016616255045,0.3040061295032501,-9.169217109680176,0.06864655017852783
2025-03-07 02:17:28.311026,320,240,20,20,5.482860260421876,0.0031956976745277643,-0.009054767899215221,-0.0010646508308127522,0.3040061295032501,-9.169217109680176,0.10787314921617508
2025-03-07 02:17:28.340698,320,240,20,20,5.594675265732803,-0.0031956976745277643,-0.008520697243511677,0.0010646508308127522,0.3040061295032501,-9.188830375671387,0.08825984597206116
2025-03-07 02:17:28.370133,320,240,20,20,5.597122765849053,-0.004792673978954554,-0.004260348621755838,-0.0015969761880114675,0.3040061295032501,-9.169217109680176,0.04903324693441391
2025-03-07 02:17:28.407036,320,240,20,20,5.593980265699793,0.0021293016616255045,-0.005859069991856813,0.0031956976745277643,0.3040061295032501,-9.169217109680176,0.04903324693441391
2025-03-07 02:17:28.445486,320,240,20,20,5.52893776261044,-0.0010646508308127522,-0.007988371886312962,0.0,0.3040061295032501,-9.169217109680176,0.08825984597206116
2025-03-07 02:17:28.482064,320,240,20,20,5.519532762163726,0.0015969761880114675,-0.005859069991856813,0.0026616270188242197,0.3040061295032501,-9.169217109680176,0.127486452460289
2025-03-07 02:17:28.520030,320,240,20,20,5.532510262780124,0.0,-0.006391395349055529,0.0,0.3040061295032501,-9.149603843688965,0.08825984597206116
2025-03-07 02:17:28.557397,320,240,20,20,5.542850263271248,0.0,-0.005324999336153269,0.0,0.3040061295032501,-9.149603843688965,0.08825984597206116
2025-03-07 02:17:28.594153,320,240,20,20,5.552920263749547,-0.0015969761880114675,-0.005324999336153269,0.004260348621755838,0.3040061295032501,-9.169217109680176,0.06864655017852783
2025-03-07 02:17:28.626428,320,240,20,20,5.502900261373725,0.0005323254154063761,-0.0031956976745277643,0.0005323254154063761,0.3040061295032501,-9.169217109680176,0.06864655017852783
2025-03-07 02:17:28.656113,320,240,20,20,5.553575263780658,-0.0015969761880114675,-0.007988371886312962,0.003728023264557123,0.3040061295032501,-9.169217109680176,0.08825984597206116
2025-03-07 02:17:28.685567,320,240,20,20,5.542445263252011,-0.0005323254154063761,-0.006923720706254244,0.0005323254154063761,0.2843928337097168,-9.169217109680176,0.08825984597206116
2025-03-07 02:17:28.724606,320,240,20,20,5.497225261104177,0.0,-0.005324999336153269,0.0021293016616255045,0.3040061295032501,-9.169217109680176,0.08825984597206116
2025-03-07 02:17:28.753910,320,240,20,20,5.536190262954915,-0.003728023264557123,-0.005859069991856813,0.003728023264557123,0.2843928337097168,-9.169217109680176,0.08825984597206116
2025-03-07 02:17:28.786993,320,240,20,20,5.538512763065228,-0.004260348621755838,-0.010651743970811367,0.0010646508308127522,0.32361945509910583,-9.169217109680176,0.10787314921617508
2025-03-07 02:17:28.821376,320,240,20,20,5.494182760959665,-0.0015969761880114675,-0.005324999336153269,0.0015969761880114675,0.2843928337097168,-9.169217109680176,0.08825984597206116
2025-03-07 02:17:28.854055,320,240,20,20,5.546707763454469,0.0,-0.004260348621755838,0.003728023264557123,0.3040061295032501,-9.169217109680176,0.04903324693441391
2025-03-07 02:17:28.887663,320,240,20,20,5.581352765100019,-0.0031956976745277643,-0.005324999336153269,0.0010646508308127522,0.3040061295032501,-9.149603843688965,0.06864655017852783
2025-03-07 02:17:28.921594,320,240,20,20,5.520510262210155,-0.003728023264557123,-0.008520697243511677,-0.0005323254154063761,0.3040061295032501,-9.169217109680176,0.08825984597206116
2025-03-07 02:17:28.954068,320,240,20,20,5.493225260914187,0.0005323254154063761,-0.0026616270188242197,0.0026616270188242197,0.3040061295032501,-9.169217109680176,0.10787314921617508
2025-03-07 02:17:28.987615,320,240,20,20,5.552147763712855,-0.0010646508308127522,-0.008520697243511677,0.0,0.3040061295032501,-9.169217109680176,0.08825984597206116
2025-03-07 02:17:29.021936,320,240,20,20,5.478002760191157,-0.0026616270188242197,-0.004260348621755838,0.005324999336153269,0.3040061295032501,-9.169217109680176,0.10787314921617508
2025-03-07 02:17:29.052828,320,240,20,20,5.536467762968096,-0.0005323254154063761,-0.012250465340912342,0.003728023264557123,0.3040061295032501,-9.169217109680176,0.08825984597206116
2025-03-07 02:17:29.092410,320,240,20,20,5.557050263945712,0.0031956976745277643,-0.005324999336153269,-0.0010646508308127522,0.3040061295032501,-9.169217109680176,0.08825984597206116
2025-03-07 02:17:29.122952,320,240,20,20,5.576775264882599,-0.0015969761880114675,-0.007456046529114246,0.0015969761880114675,0.3040061295032501,-9.169217109680176,0.10787314921617508
2025-03-07 02:17:29.151960,320,240,20,20,5.543777763315302,0.0015969761880114675,-0.005324999336153269,0.0021293016616255045,0.2843928337097168,-9.169217109680176,0.127486452460289
2025-03-07 02:17:29.192672,320,240,20,20,5.498135261147399,-0.0015969761880114675,-0.005324999336153269,0.0026616270188242197,0.2843928337097168,-9.169217109680176,0.06864655017852783
2025-03-07 02:17:29.222600,320,240,20,20,5.455340259114746,-0.0005323254154063761,-0.008520697243511677,0.0005323254154063761,0.3040061295032501,-9.169217109680176,0.029419949278235435
2025-03-07 02:17:29.252096,320,240,20,20,5.537487763016543,-0.0005323254154063761,-0.006391395349055529,-0.0010646508308127522,0.3040061295032501,-9.169217109680176,0.06864655017852783
2025-03-07 02:17:29.293148,320,240,20,20,5.478955260236399,-0.004260348621755838,-0.005859069991856813,0.0010646508308127522,0.3040061295032501,-9.169217109680176,0.10787314921617508
2025-03-07 02:17:29.323968,320,240,20,20,5.538577763068315,0.0005323254154063761,-0.005859069991856813,0.0015969761880114675,0.2843928337097168,-9.169217109680176,0.06864655017852783
2025-03-07 02:17:29.353019,320,240,20,20,5.515610261977417,-0.0010646508308127522,-0.007988371886312962,0.0031956976745277643,0.32361945509910583,-9.188830375671387,0.06864655017852783
2025-03-07 02:17:29.392667,320,240,20,20,5.55964026406873,-0.003728023264557123,-0.010119418613612652,0.0010646508308127522,0.3040061295032501,-9.169217109680176,0.08825984597206116
2025-03-07 02:17:29.423629,320,240,20,20,5.531907762751507,0.0010646508308127522,-0.005859069991856813,0.0015969761880114675,0.2843928337097168,-9.169217109680176,0.08825984597206116
2025-03-07 02:17:29.452912,320,240,20,20,5.5502352636220165,0.0010646508308127522,-0.0031956976745277643,0.0031956976745277643,0.3040061295032501,-9.169217109680176,0.06864655017852783
2025-03-07 02:17:29.490202,320,240,20,20,5.4881002606707625,0.0015969761880114675,-0.008520697243511677,-0.0010646508308127522,0.3040061295032501,-9.169217109680176,0.127486452460289
2025-03-07 02:17:29.520202,320,240,20,20,5.519215262148646,-0.003728023264557123,-0.0026616270188242197,-0.0015969761880114675,0.3040061295032501,-9.169217109680176,0.127486452460289
2025-03-07 02:17:29.559039,320,240,20,20,5.5331127628087415,-0.005859069991856813,-0.006923720706254244,0.0015969761880114675,0.3040061295032501,-9.169217109680176,0.04903324693441391
2025-03-07 02:17:29.589679,320,240,20,20,5.5140902619052214,0.0031956976745277643,-0.006391395349055529,0.0026616270188242197,0.3040061295032501,-9.169217109680176,0.009806649759411812
2025-03-07 02:17:29.618953,320,240,20,20,5.497697761126619,0.0026616270188242197,-0.011184069328010082,0.0021293016616255045,0.2843928337097168,-9.169217109680176,0.06864655017852783
2025-03-07 02:17:29.658012,320,240,20,20,5.52501776242425,0.0,-0.0031956976745277643,-0.0026616270188242197,0.3040061295032501,-9.149603843688965,0.127486452460289
2025-03-07 02:17:29.689010,320,240,20,20,5.577260264905635,0.0,-0.0026616270188242197,0.0015969761880114675,0.3040061295032501,-9.169217109680176,0.08825984597206116
2025-03-07 02:17:29.719941,320,240,20,20,5.50645276154246,-0.0031956976745277643,-0.007456046529114246,0.0015969761880114675,0.3040061295032501,-9.169217109680176,0.04903324693441391
2025-03-07 02:17:29.756604,320,240,20,20,5.547802763506479,-0.0010646508308127522,-0.009587093256413937,-0.0015969761880114675,0.3040061295032501,-9.169217109680176,0.10787314921617508
2025-03-07 02:17:29.786904,320,240,20,20,5.584947765270772,0.0,-0.003728023264557123,0.0031956976745277643,0.3040061295032501,-9.169217109680176,0.06864655017852783
2025-03-07 02:17:29.824375,320,240,20,20,5.460170259344158,-0.005324999336153269,-0.009054767899215221,0.0010646508308127522,0.3040061295032501,-9.169217109680176,0.029419949278235435
2025-03-07 02:17:29.854971,320,240,20,20,5.531227762719209,0.0,-0.010651743970811367,0.0010646508308127522,0.2843928337097168,-9.169217109680176,0.08825984597206116
2025-03-07 02:17:29.888598,320,240,20,20,5.568342764482077,-0.0010646508308127522,-0.008520697243511677,0.0010646508308127522,0.3040061295032501,-9.169217109680176,0.16671304404735565
2025-03-07 02:17:29.921255,320,240,20,20,5.512087761810108,-0.005324999336153269,0.0005323254154063761,0.005859069991856813,0.3040061295032501,-9.169217109680176,0.127486452460289
2025-03-07 02:17:29.955913,320,240,20,20,5.453602759032219,-0.0026616270188242197,-0.005859069991856813,0.0026616270188242197,0.2843928337097168,-9.169217109680176,0.029419949278235435
2025-03-07 02:17:29.987350,320,240,20,20,5.528097762570542,0.004792673978954554,-0.006391395349055529,0.0005323254154063761,0.2843928337097168,-9.169217109680176,0.029419949278235435
2025-03-07 02:17:30.024386,320,240,20,20,5.555452763869835,-0.0015969761880114675,-0.010119418613612652,0.0010646508308127522,0.2843928337097168,-9.169217109680176,0.10787314921617508
2025-03-07 02:17:30.054566,320,240,20,20,5.540907763178984,0.0026616270188242197,-0.005324999336153269,0.0031956976745277643,0.3040061295032501,-9.188830375671387,0.10787314921617508
2025-03-07 02:17:30.099706,320,240,20,20,5.537495263016899,-0.004260348621755838,-0.010651743970811367,0.005324999336153269,0.3040061295032501,-9.169217109680176,0.10787314921617508
2025-03-07 02:17:30.151734,320,240,20,20,5.498980261187535,-0.008520697243511677,-0.010651743970811367,0.006391395349055529,0.2843928337097168,-9.188830375671387,0.06864655017852783
2025-03-07 02:17:30.193090,320,240,20,20,5.553992763800489,0.0005323254154063761,-0.0015969761880114675,-0.0015969761880114675,0.3040061295032501,-9.169217109680176,0.06864655017852783
2025-03-07 02:17:30.230268,320,240,20,20,5.545955263418728,0.004260348621755838,-0.010119418613612652,0.005859069991856813,0.3040061295032501,-9.169217109680176,0.08825984597206116
2025-03-07 02:17:30.267342,320,240,20,20,5.409967756959668,0.0010646508308127522,-0.007456046529114246,-0.0005323254154063761,0.3040061295032501,-9.169217109680176,0.127486452460289
2025-03-07 02:17:30.304592,320,240,20,20,5.554127763806901,-0.0026616270188242197,-0.005859069991856813,0.0015969761880114675,0.3040061295032501,-9.169217109680176,0.127486452460289
2025-03-07 02:17:30.341646,320,240,20,20,5.553422763773415,-0.0010646508308127522,-0.003728023264557123,0.003728023264557123,0.3040061295032501,-9.169217109680176,0.06864655017852783
2025-03-07 02:17:30.374882,320,240,20,20,5.579350265004905,-0.0031956976745277643,-0.009587093256413937,0.0010646508308127522,0.3040061295032501,-9.169217109680176,0.029419949278235435
2025-03-07 02:17:30.405234,320,240,20,20,5.558472764013277,0.0015969761880114675,-0.005859069991856813,0.0021293016616255045,0.3040061295032501,-9.149603843688965,0.06864655017852783
2025-03-07 02:17:30.434421,320,240,20,20,5.553325263768784,0.006391395349055529,-0.0021293016616255045,-0.0005323254154063761,0.3040061295032501,-9.169217109680176,0.10787314921617508
2025-03-07 02:17:30.463301,320,240,20,20,5.512705261839438,0.0,-0.0026616270188242197,0.0005323254154063761,0.3040061295032501,-9.149603843688965,0.08825984597206116
2025-03-07 02:17:30.492534,320,240,20,20,5.532425262776087,0.0,-0.012782790698111057,0.003728023264557123,0.3040061295032501,-9.188830375671387,0.08825984597206116
2025-03-07 02:17:30.521636,320,240,20,20,5.549727763597912,-0.0015969761880114675,-0.005324999336153269,0.0015969761880114675,0.3040061295032501,-9.169217109680176,0.10787314921617508
2025-03-07 02:17:30.552818,320,240,20,20,5.576657764877018,-0.0031956976745277643,-0.007988371886312962,0.0015969761880114675,0.2843928337097168,-9.188830375671387,0.06864655017852783
2025-03-07 02:17:30.590350,320,240,20,20,5.522802762319043,0.0010646508308127522,-0.006391395349055529,0.0015969761880114675,0.3040061295032501,-9.169217109680176,0.04903324693441391
2025-03-07 02:17:30.619900,320,240,20,20,5.561337764149357,0.0010646508308127522,-0.009054767899215221,-0.0010646508308127522,0.3040061295032501,-9.169217109680176,0.08825984597206116
2025-03-07 02:17:30.658171,320,240,20,20,5.53735526301025,0.0010646508308127522,0.0010646508308127522,-0.0031956976745277643,0.3040061295032501,-9.169217109680176,0.127486452460289
2025-03-07 02:17:30.688109,320,240,20,20,5.526722762505233,0.0010646508308127522,-0.005324999336153269,0.0,0.32361945509910583,-9.149603843688965,0.10787314921617508
2025-03-07 02:17:30.721884,320,240,20,20,5.525782762460585,0.0005323254154063761,-0.004792673978954554,0.0031956976745277643,0.3040061295032501,-9.169217109680176,0.08825984597206116
2025-03-07 02:17:30.755420,320,240,20,20,5.597875265884795,0.0010646508308127522,-0.005859069991856813,0.0005323254154063761,0.3040061295032501,-9.169217109680176,0.04903324693441391
2025-03-07 02:17:30.790243,320,240,20,20,5.56545026434469,0.003728023264557123,-0.0031956976745277643,-0.0015969761880114675,0.3040061295032501,-9.169217109680176,0.10787314921617508
2025-03-07 02:17:30.821455,320,240,20,20,5.529785262650694,-0.0010646508308127522,-0.004792673978954554,0.0,0.3040061295032501,-9.169217109680176,0.06864655017852783
2025-03-07 02:17:30.857046,320,240,20,20,5.559482764061249,0.0021293016616255045,-0.007456046529114246,0.0021293016616255045,0.3040061295032501,-9.169217109680176,0.08825984597206116
2025-03-07 02:17:30.888201,320,240,20,20,5.577000264893286,0.0,-0.012250465340912342,0.0026616270188242197,0.3040061295032501,-9.169217109680176,0.08825984597206116
2025-03-07 02:17:30.925866,320,240,20,20,5.550430263631279,0.0,-0.007456046529114246,0.0031956976745277643,0.2843928337097168,-9.169217109680176,0.08825984597206116
2025-03-07 02:17:30.955798,320,240,20,20,5.507512761592807,-0.0021293016616255045,-0.004792673978954554,0.0010646508308127522,0.3040061295032501,-9.169217109680176,0.04903324693441391
2025-03-07 02:17:30.987903,320,240,20,20,5.569920264557004,0.0021293016616255045,-0.005324999336153269,0.0005323254154063761,0.3040061295032501,-9.169217109680176,0.04903324693441391
2025-03-07 02:17:31.024381,320,240,20,20,5.570242764572322,0.0015969761880114675,-0.006923720706254244,0.004260348621755838,0.2843928337097168,-9.188830375671387,0.08825984597206116
2025-03-07 02:17:31.054841,320,240,20,20,5.567327764433867,-0.005324999336153269,-0.004792673978954554,0.0031956976745277643,0.2843928337097168,-9.188830375671387,0.10787314921617508
2025-03-07 02:17:31.089797,320,240,20,20,5.517905262086424,-0.0005323254154063761,-0.0021293016616255045,0.0005323254154063761,0.3040061295032501,-9.169217109680176,0.08825984597206116
2025-03-07 02:17:31.122252,320,240,20,20,5.551935263702762,0.0,-0.005859069991856813,-0.0005323254154063761,0.3040061295032501,-9.169217109680176,0.08825984597206116
2025-03-07 02:17:31.156033,320,240,20,20,5.5865577653472425,-0.0010646508308127522,-0.004260348621755838,-0.0010646508308127522,0.2843928337097168,-9.169217109680176,0.06864655017852783
2025-03-07 02:17:31.188836,320,240,20,20,5.555537763873872,-0.004792673978954554,-0.007988371886312962,0.0015969761880114675,0.3040061295032501,-9.188830375671387,0.06864655017852783
2025-03-07 02:17:31.222358,320,240,20,20,5.529000262613408,-0.0005323254154063761,-0.007456046529114246,0.0010646508308127522,0.3040061295032501,-9.169217109680176,0.08825984597206116
2025-03-07 02:17:31.256695,320,240,20,20,5.491752760844247,0.003728023264557123,-0.007988371886312962,0.0010646508308127522,0.3040061295032501,-9.169217109680176,0.10787314921617508
2025-03-07 02:17:31.287047,320,240,20,20,5.5524052637250865,-0.0015969761880114675,-0.003728023264557123,-0.0015969761880114675,0.3040061295032501,-9.169217109680176,0.08825984597206116
