2025-03-07 02:09:58.525857,320,240,20,20,7.421995352525846,0.0015969761880114675,-0.005859069991856813,0.0026616270188242197,0.2843928337097168,-9.169217109680176,0.16671304404735565
2025-03-07 02:09:58.597027,320,240,20,20,7.214520342671312,-0.0010646508308127522,-0.008520697243511677,0.0005323254154063761,0.24516624212265015,-9.188830375671387,0.14709974825382233
2025-03-07 02:09:58.674100,320,240,20,20,7.175845340834348,-0.003728023264557123,-0.004260348621755838,0.0010646508308127522,0.24516624212265015,-9.169217109680176,0.16671304404735565
2025-03-07 02:09:58.739882,320,240,20,20,7.171237840615504,0.004260348621755838,-0.0015969761880114675,0.0031956976745277643,0.24516624212265015,-9.169217109680176,0.16671304404735565
2025-03-07 02:09:58.780511,320,240,20,20,7.0478778347562185,-0.0026616270188242197,-0.007456046529114246,0.0010646508308127522,0.24516624212265015,-9.188830375671387,0.18632633984088898
2025-03-07 02:09:58.813852,320,240,20,20,7.174527840771771,-0.006923720706254244,-0.009054767899215221,0.0010646508308127522,0.26477953791618347,-9.169217109680176,0.127486452460289
2025-03-07 02:09:58.844926,320,240,20,20,7.315940347488504,0.003728023264557123,-0.009587093256413937,0.0021293016616255045,0.24516624212265015,-9.169217109680176,0.14709974825382233
2025-03-07 02:09:58.875953,320,240,20,20,7.184675341253751,0.0,-0.003728023264557123,0.0010646508308127522,0.24516624212265015,-9.188830375671387,0.18632633984088898
2025-03-07 02:09:58.907081,320,240,20,20,7.21060534248536,0.0026616270188242197,-0.003728023264557123,0.0010646508308127522,0.26477953791618347,-9.188830375671387,0.18632633984088898
2025-03-07 02:09:58.938002,320,240,20,20,7.151845339694409,-0.006923720706254244,-0.004260348621755838,0.0026616270188242197,0.26477953791618347,-9.188830375671387,0.16671304404735565
2025-03-07 02:09:58.968532,320,240,20,20,7.304405346940621,-0.0021293016616255045,-0.0015969761880114675,0.005324999336153269,0.24516624212265015,-9.188830375671387,0.16671304404735565
2025-03-07 02:09:59.004045,320,240,20,20,7.090907836800033,0.005859069991856813,-0.0031956976745277643,-0.0005323254154063761,0.26477953791618347,-9.169217109680176,0.16671304404735565
2025-03-07 02:09:59.037273,320,240,20,20,7.1931703416572415,-0.0015969761880114675,-0.007988371886312962,0.0010646508308127522,0.26477953791618347,-9.169217109680176,0.18632633984088898
2025-03-07 02:09:59.070770,320,240,20,20,7.2189303428807765,0.0015969761880114675,-0.0026616270188242197,-0.0005323254154063761,0.26477953791618347,-9.169217109680176,0.16671304404735565
2025-03-07 02:09:59.104426,320,240,20,20,7.331805348242051,-0.0015969761880114675,-0.005859069991856813,0.004260348621755838,0.26477953791618347,-9.169217109680176,0.16671304404735565
2025-03-07 02:09:59.136761,320,240,20,20,7.183697841207322,-0.0005323254154063761,-0.007988371886312962,0.006391395349055529,0.26477953791618347,-9.169217109680176,0.2059396505355835
2025-03-07 02:09:59.171088,320,240,20,20,7.266912845159823,-0.003728023264557123,0.0,0.0005323254154063761,0.26477953791618347,-9.169217109680176,0.14709974825382233
2025-03-07 02:09:59.203694,320,240,20,20,7.159865340075339,-0.004260348621755838,-0.005324999336153269,0.0010646508308127522,0.26477953791618347,-9.188830375671387,0.14709974825382233
2025-03-07 02:09:59.261276,320,240,20,20,7.205995342266396,0.0031956976745277643,-0.0026616270188242197,0.0005323254154063761,0.24516624212265015,-9.169217109680176,0.18632633984088898
2025-03-07 02:09:59.315116,320,240,20,20,7.38975285099441,-0.0015969761880114675,-0.0010646508308127522,0.003728023264557123,0.24516624212265015,-9.188830375671387,0.18632633984088898
2025-03-07 02:09:59.360567,320,240,20,20,7.1852678412818936,-0.0005323254154063761,-0.0026616270188242197,-0.0005323254154063761,0.24516624212265015,-9.169217109680176,0.16671304404735565
2025-03-07 02:09:59.405977,320,240,20,20,7.186225341327372,0.0015969761880114675,-0.006923720706254244,0.004260348621755838,0.26477953791618347,-9.169217109680176,0.18632633984088898
2025-03-07 02:09:59.448637,320,240,20,20,7.271962845399685,0.0005323254154063761,-0.0026616270188242197,0.0026616270188242197,0.24516624212265015,-9.169217109680176,0.16671304404735565
2025-03-07 02:09:59.492269,320,240,20,20,7.227515343288542,0.0021293016616255045,-0.004260348621755838,0.0021293016616255045,0.26477953791618347,-9.169217109680176,0.16671304404735565
2025-03-07 02:09:59.523378,320,240,20,20,7.168000340461731,0.0015969761880114675,-0.0026616270188242197,0.0015969761880114675,0.26477953791618347,-9.169217109680176,0.18632633984088898
2025-03-07 02:09:59.552759,320,240,20,20,7.230557843433052,-0.003728023264557123,-0.0026616270188242197,0.0010646508308127522,0.26477953791618347,-9.169217109680176,0.16671304404735565
2025-03-07 02:09:59.582506,320,240,20,20,7.205600342247635,-0.005859069991856813,-0.006923720706254244,0.0026616270188242197,0.24516624212265015,-9.169217109680176,0.14709974825382233
2025-03-07 02:09:59.611982,320,240,20,20,7.24791534425749,0.0,-0.0026616270188242197,0.005859069991856813,0.26477953791618347,-9.169217109680176,0.16671304404735565
2025-03-07 02:09:59.641609,320,240,20,20,7.339792848621437,-0.0021293016616255045,-0.005324999336153269,0.004260348621755838,0.26477953791618347,-9.169217109680176,0.18632633984088898
2025-03-07 02:09:59.670972,320,240,20,20,7.200502842005517,-0.006923720706254244,0.0005323254154063761,-0.0015969761880114675,0.26477953791618347,-9.188830375671387,0.16671304404735565
2025-03-07 02:09:59.717689,320,240,20,20,7.320120347687043,-0.003728023264557123,-0.007988371886312962,0.0015969761880114675,0.26477953791618347,-9.169217109680176,0.18632633984088898
2025-03-07 02:09:59.779556,320,240,20,20,7.2541428445532805,-0.0005323254154063761,-0.006923720706254244,0.0031956976745277643,0.26477953791618347,-9.188830375671387,0.18632633984088898
2025-03-07 02:09:59.841755,320,240,20,20,7.316025347492541,0.0005323254154063761,-0.003728023264557123,0.0021293016616255045,0.24516624212265015,-9.169217109680176,0.16671304404735565
2025-03-07 02:09:59.903723,320,240,20,20,7.126902838509705,0.0015969761880114675,-0.005859069991856813,0.0010646508308127522,0.26477953791618347,-9.188830375671387,0.18632633984088898
2025-03-07 02:09:59.965870,320,240,20,20,7.317377847556782,-0.0026616270188242197,-0.004792673978954554,-0.0005323254154063761,0.26477953791618347,-9.188830375671387,0.18632633984088898
2025-03-07 02:10:00.027762,320,240,20,20,7.293772846435604,0.0015969761880114675,-0.004792673978954554,0.0,0.26477953791618347,-9.188830375671387,0.16671304404735565
2025-03-07 02:10:00.075145,320,240,20,20,7.130127838662884,-0.0015969761880114675,-0.004792673978954554,0.0010646508308127522,0.26477953791618347,-9.169217109680176,0.18632633984088898
2025-03-07 02:10:00.105586,320,240,20,20,7.307620347093325,0.0010646508308127522,-0.008520697243511677,0.0021293016616255045,0.26477953791618347,-9.188830375671387,0.16671304404735565
2025-03-07 02:10:00.136092,320,240,20,20,7.233097843553696,0.0005323254154063761,-0.0026616270188242197,0.0021293016616255045,0.2843928337097168,-9.169217109680176,0.14709974825382233
2025-03-07 02:10:00.175143,320,240,20,20,7.255172844602202,0.0,-0.003728023264557123,0.0021293016616255045,0.26477953791618347,-9.169217109680176,0.16671304404735565
2025-03-07 02:10:00.205439,320,240,20,20,7.210587842484529,-0.0015969761880114675,-0.004792673978954554,-0.0005323254154063761,0.26477953791618347,-9.169217109680176,0.14709974825382233
2025-03-07 02:10:00.263174,320,240,20,20,7.290490346279694,0.0031956976745277643,-0.004792673978954554,0.0031956976745277643,0.26477953791618347,-9.169217109680176,0.16671304404735565
2025-03-07 02:10:00.325220,320,240,20,20,7.162515340201208,-0.0031956976745277643,-0.0026616270188242197,0.0015969761880114675,0.2843928337097168,-9.169217109680176,0.18632633984088898
2025-03-07 02:10:00.386630,320,240,20,20,7.219317842899182,-0.0010646508308127522,-0.0015969761880114675,0.0,0.26477953791618347,-9.169217109680176,0.14709974825382233
2025-03-07 02:10:00.447931,320,240,20,20,7.150327839622332,-0.0005323254154063761,-0.007988371886312962,0.0,0.24516624212265015,-9.169217109680176,0.16671304404735565
2025-03-07 02:10:00.496640,320,240,20,20,7.183182841182861,-0.0010646508308127522,-0.009587093256413937,0.0015969761880114675,0.26477953791618347,-9.188830375671387,0.18632633984088898
2025-03-07 02:10:00.533003,320,240,20,20,7.142497839250427,-0.0005323254154063761,-0.006391395349055529,-0.0010646508308127522,0.26477953791618347,-9.169217109680176,0.14709974825382233
2025-03-07 02:10:00.563102,320,240,20,20,7.189887841501331,0.003728023264557123,-0.003728023264557123,0.0031956976745277643,0.24516624212265015,-9.188830375671387,0.18632633984088898
2025-03-07 02:10:00.592746,320,240,20,20,7.271665345385554,-0.0005323254154063761,-0.003728023264557123,0.0015969761880114675,0.24516624212265015,-9.169217109680176,0.14709974825382233
2025-03-07 02:10:00.622317,320,240,20,20,7.289342846225191,-0.005324999336153269,-0.006391395349055529,0.0015969761880114675,0.26477953791618347,-9.169217109680176,0.16671304404735565
2025-03-07 02:10:00.652427,320,240,20,20,7.250497844380152,-0.0005323254154063761,0.0,-0.0010646508308127522,0.26477953791618347,-9.188830375671387,0.16671304404735565
2025-03-07 02:10:00.682394,320,240,20,20,7.295307846508512,0.0015969761880114675,-0.005859069991856813,0.0021293016616255045,0.26477953791618347,-9.169217109680176,0.16671304404735565
2025-03-07 02:10:00.711691,320,240,20,20,7.160210340091726,-0.0026616270188242197,-0.0031956976745277643,0.005324999336153269,0.26477953791618347,-9.188830375671387,0.18632633984088898
2025-03-07 02:10:00.741745,320,240,20,20,7.200520342006348,0.0005323254154063761,-0.005859069991856813,0.004792673978954554,0.26477953791618347,-9.169217109680176,0.16671304404735565
2025-03-07 02:10:00.781246,320,240,20,20,7.194767841733119,-0.0031956976745277643,-0.006923720706254244,0.0005323254154063761,0.26477953791618347,-9.169217109680176,0.16671304404735565
2025-03-07 02:10:00.821640,320,240,20,20,7.168755340497592,0.0005323254154063761,-0.005859069991856813,0.004260348621755838,0.26477953791618347,-9.188830375671387,0.16671304404735565
2025-03-07 02:10:00.860331,320,240,20,20,7.21452534267155,-0.0010646508308127522,-0.004260348621755838,0.0015969761880114675,0.26477953791618347,-9.169217109680176,0.16671304404735565
2025-03-07 02:10:00.899275,320,240,20,20,7.130925338700763,0.0,-0.007988371886312962,0.003728023264557123,0.26477953791618347,-9.169217109680176,0.16671304404735565
2025-03-07 02:10:00.937523,320,240,20,20,7.4699478548034675,-0.0015969761880114675,-0.005324999336153269,0.0015969761880114675,0.26477953791618347,-9.188830375671387,0.18632633984088898
2025-03-07 02:10:00.972011,320,240,20,20,7.331770348240388,-0.0021293016616255045,-0.009054767899215221,0.0,0.24516624212265015,-9.169217109680176,0.16671304404735565
2025-03-07 02:10:01.009999,320,240,20,20,7.199032841935695,-0.0021293016616255045,-0.005324999336153269,0.004792673978954554,0.26477953791618347,-9.169217109680176,0.18632633984088898
2025-03-07 02:10:01.050637,320,240,20,20,7.267052845166472,0.003728023264557123,-0.005324999336153269,-0.0005323254154063761,0.26477953791618347,-9.188830375671387,0.18632633984088898
2025-03-07 02:10:01.087603,320,240,20,20,7.2870503461163025,-0.0010646508308127522,-0.010119418613612652,0.0,0.26477953791618347,-9.169217109680176,0.16671304404735565
2025-03-07 02:10:01.127339,320,240,20,20,7.2238103431125635,-0.0026616270188242197,-0.007456046529114246,0.0010646508308127522,0.26477953791618347,-9.188830375671387,0.18632633984088898
2025-03-07 02:10:01.168069,320,240,20,20,7.254475344569073,0.0,-0.0015969761880114675,0.0031956976745277643,0.24516624212265015,-9.169217109680176,0.16671304404735565
2025-03-07 02:10:01.206146,320,240,20,20,7.222050343028968,0.0021293016616255045,-0.011184069328010082,0.0,0.26477953791618347,-9.188830375671387,0.16671304404735565
2025-03-07 02:10:01.243066,320,240,20,20,7.34995534910413,-0.0005323254154063761,-0.004792673978954554,-0.0021293016616255045,0.2843928337097168,-9.169217109680176,0.16671304404735565
2025-03-07 02:10:01.281690,320,240,20,20,7.117895338081871,0.003728023264557123,-0.007456046529114246,0.0026616270188242197,0.26477953791618347,-9.169217109680176,0.14709974825382233
2025-03-07 02:10:01.314405,320,240,20,20,7.202312842091487,0.006923720706254244,-0.004792673978954554,0.006923720706254244,0.2843928337097168,-9.169217109680176,0.24516624212265015
2025-03-07 02:10:01.344399,320,240,20,20,7.261482844901911,0.0010646508308127522,-0.0015969761880114675,0.0031956976745277643,0.26477953791618347,-9.169217109680176,0.24516624212265015
2025-03-07 02:10:01.374013,320,240,20,20,7.309655347189983,-0.010119418613612652,-0.007456046529114246,-0.0010646508308127522,0.24516624212265015,-9.169217109680176,0.127486452460289
2025-03-07 02:10:01.403732,320,240,20,20,7.109275337672443,0.005859069991856813,-0.013315116055309772,0.0005323254154063761,0.26477953791618347,-9.169217109680176,0.16671304404735565
2025-03-07 02:10:01.436938,320,240,20,20,7.2767628456276725,-0.005324999336153269,-0.006391395349055529,-0.0010646508308127522,0.2843928337097168,-9.169217109680176,0.18632633984088898
2025-03-07 02:10:01.474650,320,240,20,20,7.267022845165047,-0.012250465340912342,0.0026616270188242197,-0.0010646508308127522,0.26477953791618347,-9.188830375671387,0.18632633984088898
2025-03-07 02:10:01.504907,320,240,20,20,7.316502847515221,0.0015969761880114675,-0.010119418613612652,-0.0026616270188242197,0.24516624212265015,-9.188830375671387,0.10787314921617508
2025-03-07 02:10:01.537373,320,240,20,20,7.1612828401426665,-0.007456046529114246,-0.010651743970811367,0.0021293016616255045,0.24516624212265015,-9.169217109680176,0.2059396505355835
2025-03-07 02:10:01.573749,320,240,20,20,7.226895343259093,-0.010119418613612652,-0.0010646508308127522,0.0005323254154063761,0.2843928337097168,-9.169217109680176,0.22555294632911682
2025-03-07 02:10:01.609994,320,240,20,20,7.139155339091667,-0.004792673978954554,0.0010646508308127522,0.0015969761880114675,0.2843928337097168,-9.188830375671387,0.16671304404735565
2025-03-07 02:10:01.647201,320,240,20,20,7.22023534294276,-0.0031956976745277643,-0.012250465340912342,0.005324999336153269,0.24516624212265015,-9.169217109680176,0.06864655017852783
2025-03-07 02:10:01.686948,320,240,20,20,7.194290341710439,-0.0021293016616255045,-0.009587093256413937,0.0010646508308127522,0.22555294632911682,-9.188830375671387,0.26477953791618347
2025-03-07 02:10:01.733790,320,240,20,20,7.212185342560406,-0.005324999336153269,-0.0010646508308127522,0.005324999336153269,0.2843928337097168,-9.188830375671387,0.26477953791618347
2025-03-07 02:10:01.778815,320,240,20,20,7.194137841703196,-0.0026616270188242197,-0.006923720706254244,0.005859069991856813,0.3040061295032501,-9.188830375671387,0.127486452460289
2025-03-07 02:10:01.822194,320,240,20,20,7.211470342526445,-0.0031956976745277643,-0.012782790698111057,0.004260348621755838,0.22555294632911682,-9.169217109680176,0.2059396505355835
2025-03-07 02:10:01.860458,320,240,20,20,7.369922850052535,-0.005324999336153269,-0.0005323254154063761,0.0010646508308127522,0.24516624212265015,-9.169217109680176,0.16671304404735565
2025-03-07 02:10:01.901037,320,240,20,20,7.326470347988652,-0.0005323254154063761,-0.0031956976745277643,0.0026616270188242197,0.3040061295032501,-9.188830375671387,0.08825984597206116
2025-03-07 02:10:01.940674,320,240,20,20,7.281767845865398,0.0005323254154063761,-0.012250465340912342,0.0015969761880114675,0.2843928337097168,-9.169217109680176,0.16671304404735565
2025-03-07 02:10:01.979691,320,240,20,20,7.261030344880419,-0.005324999336153269,0.0005323254154063761,-0.0015969761880114675,0.22555294632911682,-9.188830375671387,0.22555294632911682
2025-03-07 02:10:02.018787,320,240,20,20,7.140405339151039,-0.0021293016616255045,-0.010119418613612652,0.003728023264557123,0.2843928337097168,-9.188830375671387,0.08825984597206116
2025-03-07 02:10:02.057391,320,240,20,20,7.229745343394461,0.0005323254154063761,-0.010651743970811367,0.0015969761880114675,0.26477953791618347,-9.188830375671387,0.127486452460289
2025-03-07 02:10:02.096812,320,240,20,20,7.1966728418236015,0.0015969761880114675,-0.011184069328010082,0.0010646508308127522,0.24516624212265015,-9.169217109680176,0.22555294632911682
2025-03-07 02:10:02.136378,320,240,20,20,7.235090343648335,-0.0026616270188242197,-0.005324999336153269,0.0,0.26477953791618347,-9.169217109680176,0.2059396505355835
2025-03-07 02:10:02.173666,320,240,20,20,7.287922846157744,-0.0021293016616255045,-0.008520697243511677,0.003728023264557123,0.2843928337097168,-9.188830375671387,0.127486452460289
2025-03-07 02:10:02.209609,320,240,20,20,7.278130345692626,-0.0015969761880114675,-0.003728023264557123,0.0021293016616255045,0.22555294632911682,-9.188830375671387,0.2059396505355835
2025-03-07 02:10:02.243179,320,240,20,20,7.200242841993168,-0.0021293016616255045,0.0,-0.0005323254154063761,0.26477953791618347,-9.169217109680176,0.14709974825382233
2025-03-07 02:10:02.275029,320,240,20,20,7.256485344664543,0.0015969761880114675,-0.004260348621755838,0.0015969761880114675,0.2843928337097168,-9.169217109680176,0.10787314921617508
2025-03-07 02:10:02.304918,320,240,20,20,7.330707848189922,-0.0005323254154063761,-0.010119418613612652,0.0031956976745277643,0.2843928337097168,-9.169217109680176,0.16671304404735565
2025-03-07 02:10:02.345040,320,240,20,20,7.224425343141775,-0.0005323254154063761,-0.0031956976745277643,-0.0021293016616255045,0.24516624212265015,-9.169217109680176,0.2059396505355835
2025-03-07 02:10:02.377379,320,240,20,20,7.17952284100902,0.0005323254154063761,-0.0021293016616255045,0.0015969761880114675,0.26477953791618347,-9.169217109680176,0.16671304404735565
2025-03-07 02:10:02.407704,320,240,20,20,7.192445341622806,-0.0026616270188242197,-0.006923720706254244,0.0,0.3040061295032501,-9.169217109680176,0.127486452460289
2025-03-07 02:10:02.437539,320,240,20,20,7.210620342486072,-0.0015969761880114675,-0.010651743970811367,0.0015969761880114675,0.24516624212265015,-9.169217109680176,0.18632633984088898
2025-03-07 02:10:02.482973,320,240,20,20,7.191032841555716,0.0015969761880114675,-0.006391395349055529,0.0026616270188242197,0.24516624212265015,-9.169217109680176,0.18632633984088898
2025-03-07 02:10:02.530031,320,240,20,20,7.087427836634743,-0.0026616270188242197,-0.0021293016616255045,0.0010646508308127522,0.26477953791618347,-9.169217109680176,0.16671304404735565
2025-03-07 02:10:02.573553,320,240,20,20,7.250555344382883,0.0,-0.005859069991856813,0.003728023264557123,0.3040061295032501,-9.169217109680176,0.16671304404735565
2025-03-07 02:10:02.614626,320,240,20,20,7.301882846820808,-0.004260348621755838,-0.007988371886312962,0.0015969761880114675,0.22555294632911682,-9.169217109680176,0.18632633984088898
2025-03-07 02:10:02.649018,320,240,20,20,7.260997844878875,-0.004260348621755838,-0.006391395349055529,0.005324999336153269,0.24516624212265015,-9.169217109680176,0.14709974825382233
2025-03-07 02:10:02.679302,320,240,20,20,7.211865342545207,0.0,-0.007988371886312962,0.0015969761880114675,0.2843928337097168,-9.188830375671387,0.14709974825382233
2025-03-07 02:10:02.708943,320,240,20,20,7.097670337121235,-0.0021293016616255045,-0.004792673978954554,0.0021293016616255045,0.24516624212265015,-9.188830375671387,0.18632633984088898
2025-03-07 02:10:02.738791,320,240,20,20,7.294260346458759,-0.0010646508308127522,-0.0031956976745277643,0.0021293016616255045,0.24516624212265015,-9.169217109680176,0.16671304404735565
2025-03-07 02:10:02.771132,320,240,20,20,7.291447846325172,-0.003728023264557123,-0.008520697243511677,0.0015969761880114675,0.26477953791618347,-9.188830375671387,0.14709974825382233
2025-03-07 02:10:02.806522,320,240,20,20,7.2259803432156335,0.0031956976745277643,-0.007456046529114246,0.004260348621755838,0.3040061295032501,-9.188830375671387,0.16671304404735565
2025-03-07 02:10:02.837702,320,240,20,20,7.30574034700403,0.0010646508308127522,-0.004792673978954554,0.0010646508308127522,0.2843928337097168,-9.169217109680176,0.18632633984088898
2025-03-07 02:10:02.874000,320,240,20,20,7.206697842299763,0.004792673978954554,-0.009054767899215221,-0.0005323254154063761,0.22555294632911682,-9.169217109680176,0.18632633984088898
2025-03-07 02:10:02.904324,320,240,20,20,7.135967838940269,-0.005324999336153269,-0.006391395349055529,0.0005323254154063761,0.24516624212265015,-9.169217109680176,0.16671304404735565
2025-03-07 02:10:02.942483,320,240,20,20,7.218890342878876,-0.0010646508308127522,-0.008520697243511677,0.0,0.2843928337097168,-9.188830375671387,0.16671304404735565
2025-03-07 02:10:02.973326,320,240,20,20,7.225105343174073,0.003728023264557123,-0.005859069991856813,0.0021293016616255045,0.26477953791618347,-9.188830375671387,0.16671304404735565
2025-03-07 02:10:03.003684,320,240,20,20,7.272532845426758,-0.0015969761880114675,-0.008520697243511677,0.003728023264557123,0.24516624212265015,-9.169217109680176,0.16671304404735565
2025-03-07 02:10:03.040973,320,240,20,20,7.188450341433054,-0.0015969761880114675,-0.008520697243511677,0.004792673978954554,0.24516624212265015,-9.169217109680176,0.127486452460289
2025-03-07 02:10:03.070711,320,240,20,20,7.216905342784594,-0.0021293016616255045,-0.009054767899215221,0.0005323254154063761,0.3040061295032501,-9.188830375671387,0.2059396505355835
2025-03-07 02:10:03.106621,320,240,20,20,7.209615342438338,-0.0021293016616255045,-0.005324999336153269,0.0005323254154063761,0.24516624212265015,-9.188830375671387,0.16671304404735565
2025-03-07 02:10:03.137844,320,240,20,20,7.1748503407870885,-0.0015969761880114675,-0.007456046529114246,0.0,0.24516624212265015,-9.188830375671387,0.16671304404735565
2025-03-07 02:10:03.173521,320,240,20,20,7.281737845863972,-0.0021293016616255045,-0.007456046529114246,0.0,0.26477953791618347,-9.188830375671387,0.14709974825382233
2025-03-07 02:10:03.203882,320,240,20,20,7.302537846851919,0.0010646508308127522,-0.008520697243511677,0.0026616270188242197,0.2843928337097168,-9.188830375671387,0.14709974825382233
2025-03-07 02:10:03.239710,320,240,20,20,7.233045343551202,0.0,-0.0031956976745277643,0.005324999336153269,0.26477953791618347,-9.188830375671387,0.18632633984088898
2025-03-07 02:10:03.272179,320,240,20,20,7.256277844654687,0.0,-0.004260348621755838,-0.0021293016616255045,0.22555294632911682,-9.188830375671387,0.16671304404735565
2025-03-07 02:10:03.317205,320,240,20,20,7.1768028408798274,0.0010646508308127522,-0.007988371886312962,-0.0005323254154063761,0.26477953791618347,-9.188830375671387,0.18632633984088898
2025-03-07 02:10:03.359961,320,240,20,20,7.136967838987767,-0.0026616270188242197,-0.0031956976745277643,0.003728023264557123,0.2843928337097168,-9.169217109680176,0.18632633984088898
2025-03-07 02:10:03.404867,320,240,20,20,7.2138303426385395,0.0010646508308127522,-0.004792673978954554,0.008520697243511677,0.26477953791618347,-9.169217109680176,0.16671304404735565
2025-03-07 02:10:03.444598,320,240,20,20,7.242230343987467,-0.004260348621755838,-0.004792673978954554,0.0026616270188242197,0.24516624212265015,-9.149603843688965,0.16671304404735565
2025-03-07 02:10:03.483295,320,240,20,20,7.196877841833339,0.0,-0.007988371886312962,0.004260348621755838,0.2843928337097168,-9.169217109680176,0.18632633984088898
2025-03-07 02:10:03.520555,320,240,20,20,7.164377840289672,0.0,-0.004260348621755838,0.0010646508308127522,0.26477953791618347,-9.188830375671387,0.2059396505355835
2025-03-07 02:10:03.553283,320,240,20,20,7.200275341994711,0.0005323254154063761,-0.004260348621755838,0.0031956976745277643,0.24516624212265015,-9.169217109680176,0.16671304404735565
2025-03-07 02:10:03.589363,320,240,20,20,7.200007841982005,0.0010646508308127522,-0.004260348621755838,0.003728023264557123,0.2843928337097168,-9.169217109680176,0.14709974825382233
2025-03-07 02:10:03.628814,320,240,20,20,7.145085339373327,0.0026616270188242197,-0.006391395349055529,0.0021293016616255045,0.2843928337097168,-9.169217109680176,0.14709974825382233
2025-03-07 02:10:03.667275,320,240,20,20,7.322765347812674,0.0,0.0005323254154063761,0.0015969761880114675,0.26477953791618347,-9.169217109680176,0.18632633984088898
2025-03-07 02:10:03.705683,320,240,20,20,7.205047842221393,-0.0021293016616255045,-0.004260348621755838,0.0010646508308127522,0.24516624212265015,-9.188830375671387,0.16671304404735565
2025-03-07 02:10:03.743728,320,240,20,20,7.194155341704027,-0.0015969761880114675,-0.0026616270188242197,0.0021293016616255045,0.24516624212265015,-9.169217109680176,0.16671304404735565
2025-03-07 02:10:03.781873,320,240,20,20,7.259205344793736,0.0,-0.006391395349055529,0.0005323254154063761,0.26477953791618347,-9.169217109680176,0.16671304404735565
2025-03-07 02:10:03.818852,320,240,20,20,7.200390342000174,-0.004260348621755838,-0.0031956976745277643,0.0021293016616255045,0.24516624212265015,-9.169217109680176,0.16671304404735565
2025-03-07 02:10:03.850413,320,240,20,20,7.178315340951667,-0.0021293016616255045,-0.008520697243511677,-0.0010646508308127522,0.26477953791618347,-9.188830375671387,0.18632633984088898
2025-03-07 02:10:03.880175,320,240,20,20,7.105965337515227,-0.0010646508308127522,-0.005324999336153269,0.0,0.2843928337097168,-9.169217109680176,0.2059396505355835
2025-03-07 02:10:03.909874,320,240,20,20,7.2921078463565205,-0.0010646508308127522,-0.005324999336153269,0.0021293016616255045,0.26477953791618347,-9.188830375671387,0.16671304404735565
2025-03-07 02:10:03.939703,320,240,20,20,7.284455345993047,-0.0031956976745277643,-0.004792673978954554,0.0015969761880114675,0.24516624212265015,-9.169217109680176,0.16671304404735565
2025-03-07 02:10:03.971295,320,240,20,20,7.1605728401089435,-0.0005323254154063761,-0.004792673978954554,0.0,0.26477953791618347,-9.169217109680176,0.16671304404735565
2025-03-07 02:10:04.009537,320,240,20,20,7.228755343347439,0.0021293016616255045,-0.0005323254154063761,0.0,0.2843928337097168,-9.188830375671387,0.16671304404735565
2025-03-07 02:10:04.039864,320,240,20,20,7.146787839454191,-0.0021293016616255045,-0.009587093256413937,0.0005323254154063761,0.26477953791618347,-9.188830375671387,0.18632633984088898
2025-03-07 02:10:04.076625,320,240,20,20,7.156972839937953,0.0010646508308127522,-0.005324999336153269,0.004792673978954554,0.24516624212265015,-9.169217109680176,0.18632633984088898
2025-03-07 02:10:04.114955,320,240,20,20,7.364185349780018,0.0005323254154063761,-0.004260348621755838,0.0021293016616255045,0.26477953791618347,-9.188830375671387,0.18632633984088898
2025-03-07 02:10:04.152943,320,240,20,20,7.298435346657061,-0.0031956976745277643,-0.007456046529114246,0.003728023264557123,0.2843928337097168,-9.188830375671387,0.16671304404735565
2025-03-07 02:10:04.191014,320,240,20,20,7.204945342216524,-0.0026616270188242197,-0.0015969761880114675,0.0015969761880114675,0.26477953791618347,-9.149603843688965,0.16671304404735565
2025-03-07 02:10:04.227108,320,240,20,20,7.319890347676119,-0.003728023264557123,-0.008520697243511677,0.0021293016616255045,0.24516624212265015,-9.169217109680176,0.16671304404735565
2025-03-07 02:10:04.258366,320,240,20,20,7.176000340841711,-0.0010646508308127522,-0.007988371886312962,0.0021293016616255045,0.26477953791618347,-9.169217109680176,0.14709974825382233
2025-03-07 02:10:04.288367,320,240,20,20,7.3001478467384,-0.0015969761880114675,-0.006923720706254244,0.0021293016616255045,0.2843928337097168,-9.149603843688965,0.18632633984088898
2025-03-07 02:10:04.317776,320,240,20,20,7.245440344139934,0.0,-0.0031956976745277643,0.0,0.26477953791618347,-9.188830375671387,0.16671304404735565
2025-03-07 02:10:04.347492,320,240,20,20,7.277420345658902,-0.0026616270188242197,-0.004260348621755838,0.0031956976745277643,0.26477953791618347,-9.169217109680176,0.14709974825382233
2025-03-07 02:10:04.377567,320,240,20,20,7.180957841077179,0.0005323254154063761,-0.005859069991856813,0.0026616270188242197,0.26477953791618347,-9.169217109680176,0.16671304404735565
2025-03-07 02:10:04.407338,320,240,20,20,7.202622842106211,0.0,-0.005859069991856813,0.005324999336153269,0.2843928337097168,-9.169217109680176,0.16671304404735565
2025-03-07 02:10:04.437611,320,240,20,20,7.169955340554589,0.0015969761880114675,-0.0010646508308127522,0.0010646508308127522,0.2843928337097168,-9.149603843688965,0.18632633984088898
2025-03-07 02:10:04.474716,320,240,20,20,7.124962838417559,-0.0015969761880114675,-0.007456046529114246,0.0010646508308127522,0.24516624212265015,-9.188830375671387,0.16671304404735565
2025-03-07 02:10:04.505268,320,240,20,20,7.2859453460638175,0.0,-0.004792673978954554,-0.0005323254154063761,0.26477953791618347,-9.188830375671387,0.16671304404735565
2025-03-07 02:10:04.540223,320,240,20,20,7.2561328446478,-0.0015969761880114675,-0.0031956976745277643,0.0031956976745277643,0.2843928337097168,-9.169217109680176,0.16671304404735565
2025-03-07 02:10:04.572363,320,240,20,20,7.2089528424068705,-0.003728023264557123,-0.004260348621755838,0.0031956976745277643,0.24516624212265015,-9.169217109680176,0.16671304404735565
2025-03-07 02:10:04.606954,320,240,20,20,7.280550345807569,0.0,-0.004792673978954554,0.004260348621755838,0.26477953791618347,-9.169217109680176,0.18632633984088898
2025-03-07 02:10:04.638372,320,240,20,20,7.161140340135899,-0.0015969761880114675,-0.009587093256413937,0.0010646508308127522,0.26477953791618347,-9.169217109680176,0.18632633984088898
2025-03-07 02:10:04.673900,320,240,20,20,7.209765342445462,-0.0021293016616255045,-0.0031956976745277643,0.0010646508308127522,0.2843928337097168,-9.188830375671387,0.16671304404735565
2025-03-07 02:10:04.705903,320,240,20,20,7.266152845123725,-0.0026616270188242197,-0.004792673978954554,0.0031956976745277643,0.26477953791618347,-9.188830375671387,0.18632633984088898
2025-03-07 02:10:04.740897,320,240,20,20,7.24276034401264,0.0015969761880114675,-0.0015969761880114675,0.0010646508308127522,0.26477953791618347,-9.169217109680176,0.16671304404735565
2025-03-07 02:10:04.771508,320,240,20,20,7.307695347096887,-0.0015969761880114675,-0.007456046529114246,-0.0010646508308127522,0.26477953791618347,-9.169217109680176,0.18632633984088898
2025-03-07 02:10:04.809821,320,240,20,20,7.162135340183158,-0.0031956976745277643,-0.005324999336153269,0.0026616270188242197,0.26477953791618347,-9.188830375671387,0.14709974825382233
2025-03-07 02:10:04.841086,320,240,20,20,7.141087839183456,0.0010646508308127522,-0.0031956976745277643,0.0010646508308127522,0.26477953791618347,-9.169217109680176,0.16671304404735565
2025-03-07 02:10:04.870989,320,240,20,20,7.258070344739826,0.0,-0.009054767899215221,0.0005323254154063761,0.26477953791618347,-9.169217109680176,0.14709974825382233
2025-03-07 02:10:04.910942,320,240,20,20,7.357007849439105,0.0010646508308127522,-0.0026616270188242197,0.0005323254154063761,0.26477953791618347,-9.169217109680176,0.16671304404735565
2025-03-07 02:10:04.941701,320,240,20,20,7.194862841737631,-0.0005323254154063761,-0.003728023264557123,0.0021293016616255045,0.2843928337097168,-9.169217109680176,0.16671304404735565
2025-03-07 02:10:04.971337,320,240,20,20,7.178480340959505,-0.0015969761880114675,-0.0015969761880114675,0.0015969761880114675,0.26477953791618347,-9.169217109680176,0.16671304404735565
2025-03-07 02:10:05.007446,320,240,20,20,7.211135342510533,0.0010646508308127522,-0.005324999336153269,0.0021293016616255045,0.24516624212265015,-9.188830375671387,0.18632633984088898
2025-03-07 02:10:05.038098,320,240,20,20,7.379855350524304,-0.0015969761880114675,-0.0015969761880114675,0.0021293016616255045,0.26477953791618347,-9.188830375671387,0.18632633984088898
2025-03-07 02:10:05.076297,320,240,20,20,7.255195344603271,-0.0021293016616255045,-0.0015969761880114675,0.0021293016616255045,0.2843928337097168,-9.188830375671387,0.14709974825382233
2025-03-07 02:10:05.105823,320,240,20,20,7.048065334765124,0.0005323254154063761,-0.004260348621755838,-0.0015969761880114675,0.2843928337097168,-9.169217109680176,0.14709974825382233
2025-03-07 02:10:05.147999,320,240,20,20,7.241135343935457,-0.0010646508308127522,-0.0021293016616255045,0.0021293016616255045,0.26477953791618347,-9.169217109680176,0.16671304404735565
2025-03-07 02:10:05.186638,320,240,20,20,7.252912844494858,-0.0010646508308127522,-0.006923720706254244,0.005324999336153269,0.26477953791618347,-9.169217109680176,0.16671304404735565
2025-03-07 02:10:05.223581,320,240,20,20,7.211372842521814,0.0021293016616255045,-0.0026616270188242197,0.004260348621755838,0.2843928337097168,-9.169217109680176,0.16671304404735565
2025-03-07 02:10:05.263515,320,240,20,20,7.148750339547405,0.0031956976745277643,-0.0015969761880114675,0.0021293016616255045,0.24516624212265015,-9.188830375671387,0.18632633984088898
2025-03-07 02:10:05.300712,320,240,20,20,7.210590342484648,0.0015969761880114675,-0.0015969761880114675,0.0010646508308127522,0.26477953791618347,-9.188830375671387,0.16671304404735565
2025-03-07 02:10:05.338686,320,240,20,20,7.121362838246569,-0.0010646508308127522,-0.007456046529114246,-0.0005323254154063761,0.24516624212265015,-9.169217109680176,0.16671304404735565
2025-03-07 02:10:05.379936,320,240,20,20,7.225857843209814,-0.004792673978954554,-0.005859069991856813,0.003728023264557123,0.2843928337097168,-9.188830375671387,0.16671304404735565
2025-03-07 02:10:05.415270,320,240,20,20,7.2665628451431985,0.0026616270188242197,-0.005859069991856813,0.005324999336153269,0.26477953791618347,-9.169217109680176,0.16671304404735565
2025-03-07 02:10:05.458406,320,240,20,20,7.26411284502683,0.0015969761880114675,-0.004792673978954554,0.0015969761880114675,0.26477953791618347,-9.169217109680176,0.14709974825382233
2025-03-07 02:10:05.498388,320,240,20,20,7.3184503476077225,-0.0031956976745277643,-0.006923720706254244,0.0031956976745277643,0.26477953791618347,-9.169217109680176,0.16671304404735565
2025-03-07 02:10:05.536152,320,240,20,20,7.293612846428005,-0.006391395349055529,-0.0031956976745277643,0.0031956976745277643,0.26477953791618347,-9.188830375671387,0.16671304404735565
2025-03-07 02:10:05.568251,320,240,20,20,7.1691728405174215,0.0031956976745277643,-0.004792673978954554,-0.0005323254154063761,0.24516624212265015,-9.149603843688965,0.18632633984088898
2025-03-07 02:10:05.598021,320,240,20,20,7.209825342448312,-0.0021293016616255045,-0.008520697243511677,0.005324999336153269,0.26477953791618347,-9.188830375671387,0.16671304404735565
2025-03-07 02:10:05.627800,320,240,20,20,7.174075340750278,-0.004260348621755838,-0.008520697243511677,0.004260348621755838,0.2843928337097168,-9.188830375671387,0.18632633984088898
2025-03-07 02:10:05.657536,320,240,20,20,7.203970342170214,-0.0026616270188242197,-0.006391395349055529,0.0010646508308127522,0.26477953791618347,-9.169217109680176,0.16671304404735565
2025-03-07 02:10:05.687451,320,240,20,20,7.214817842685443,-0.0026616270188242197,-0.005324999336153269,0.0015969761880114675,0.26477953791618347,-9.169217109680176,0.16671304404735565
2025-03-07 02:10:05.717567,320,240,20,20,7.28429034598521,0.0015969761880114675,-0.003728023264557123,0.0031956976745277643,0.26477953791618347,-9.169217109680176,0.16671304404735565
2025-03-07 02:10:05.747780,320,240,20,20,7.165085340323276,-0.0005323254154063761,-0.005859069991856813,0.0026616270188242197,0.2843928337097168,-9.188830375671387,0.16671304404735565
2025-03-07 02:10:05.777641,320,240,20,20,7.217035342790768,-0.0026616270188242197,-0.003728023264557123,0.0021293016616255045,0.26477953791618347,-9.188830375671387,0.14709974825382233
2025-03-07 02:10:05.807602,320,240,20,20,7.266760345152579,-0.0010646508308127522,-0.005859069991856813,0.0015969761880114675,0.26477953791618347,-9.169217109680176,0.2059396505355835
2025-03-07 02:10:05.838521,320,240,20,20,7.141260339191649,0.0026616270188242197,-0.005324999336153269,0.0031956976745277643,0.26477953791618347,-9.169217109680176,0.16671304404735565
2025-03-07 02:10:05.873661,320,240,20,20,7.230990343453596,-0.0021293016616255045,-0.005859069991856813,0.0005323254154063761,0.26477953791618347,-9.188830375671387,0.18632633984088898
2025-03-07 02:10:05.907654,320,240,20,20,7.18252784115175,0.0026616270188242197,-0.0026616270188242197,0.0010646508308127522,0.26477953791618347,-9.169217109680176,0.16671304404735565
2025-03-07 02:10:05.942695,320,240,20,20,7.232302843515936,-0.004260348621755838,-0.004792673978954554,0.007456046529114246,0.26477953791618347,-9.169217109680176,0.18632633984088898
2025-03-07 02:10:05.983187,320,240,20,20,7.324195347880595,-0.0015969761880114675,-0.009054767899215221,0.0005323254154063761,0.26477953791618347,-9.169217109680176,0.16671304404735565
2025-03-07 02:10:06.024696,320,240,20,20,7.226570343243656,-0.0010646508308127522,-0.007988371886312962,0.004260348621755838,0.26477953791618347,-9.169217109680176,0.18632633984088898
2025-03-07 02:10:06.068240,320,240,20,20,7.206992842313776,-0.004260348621755838,-0.010119418613612652,0.004792673978954554,0.26477953791618347,-9.169217109680176,0.16671304404735565
2025-03-07 02:10:06.110986,320,240,20,20,7.247322844229347,0.0010646508308127522,-0.009054767899215221,0.0026616270188242197,0.26477953791618347,-9.169217109680176,0.18632633984088898
2025-03-07 02:10:06.154055,320,240,20,20,7.148870339553104,0.0015969761880114675,-0.003728023264557123,0.0005323254154063761,0.2843928337097168,-9.169217109680176,0.14709974825382233
2025-03-07 02:10:06.191752,320,240,20,20,7.330285348169855,0.0010646508308127522,-0.009054767899215221,0.0010646508308127522,0.26477953791618347,-9.169217109680176,0.18632633984088898
2025-03-07 02:10:06.231540,320,240,20,20,7.3269703480124,-0.004260348621755838,-0.007456046529114246,0.0031956976745277643,0.24516624212265015,-9.188830375671387,0.18632633984088898
2025-03-07 02:10:06.268070,320,240,20,20,7.106677837549069,-0.0021293016616255045,-0.006923720706254244,-0.0005323254154063761,0.26477953791618347,-9.169217109680176,0.16671304404735565
2025-03-07 02:10:06.303917,320,240,20,20,7.277597845667333,-0.0005323254154063761,-0.005324999336153269,-0.0010646508308127522,0.26477953791618347,-9.188830375671387,0.16671304404735565
2025-03-07 02:10:06.334522,320,240,20,20,7.222495343050104,-0.005324999336153269,-0.006391395349055529,-0.0005323254154063761,0.26477953791618347,-9.188830375671387,0.18632633984088898
2025-03-07 02:10:06.364183,320,240,20,20,7.219815342922812,-0.003728023264557123,-0.010651743970811367,0.0021293016616255045,0.24516624212265015,-9.188830375671387,0.16671304404735565
2025-03-07 02:10:06.393434,320,240,20,20,7.338225348546985,0.0,-0.009054767899215221,0.0015969761880114675,0.26477953791618347,-9.188830375671387,0.16671304404735565
2025-03-07 02:10:06.423191,320,240,20,20,7.195710341777885,-0.0010646508308127522,-0.007456046529114246,0.0010646508308127522,0.26477953791618347,-9.188830375671387,0.14709974825382233
2025-03-07 02:10:06.452704,320,240,20,20,7.224577843149018,-0.0015969761880114675,-0.0031956976745277643,0.004260348621755838,0.26477953791618347,-9.169217109680176,0.16671304404735565
2025-03-07 02:10:06.482362,320,240,20,20,7.339002848583914,-0.0021293016616255045,-0.009587093256413937,0.0031956976745277643,0.26477953791618347,-9.188830375671387,0.16671304404735565
2025-03-07 02:10:06.511982,320,240,20,20,7.165440340340138,-0.0021293016616255045,-0.008520697243511677,0.0031956976745277643,0.26477953791618347,-9.169217109680176,0.16671304404735565
2025-03-07 02:10:06.541553,320,240,20,20,7.183775341211003,0.0015969761880114675,-0.007456046529114246,0.004792673978954554,0.26477953791618347,-9.169217109680176,0.14709974825382233
2025-03-07 02:10:06.577652,320,240,20,20,7.191510341578396,-0.0015969761880114675,-0.011184069328010082,0.0015969761880114675,0.2843928337097168,-9.169217109680176,0.16671304404735565
2025-03-07 02:10:06.620861,320,240,20,20,7.330062848159287,-0.004792673978954554,-0.0031956976745277643,0.0,0.26477953791618347,-9.169217109680176,0.16671304404735565
2025-03-07 02:10:06.659419,320,240,20,20,7.177062840892177,0.0,-0.0026616270188242197,-0.0005323254154063761,0.26477953791618347,-9.188830375671387,0.16671304404735565
2025-03-07 02:10:06.695295,320,240,20,20,7.183387841192598,-0.0026616270188242197,-0.005324999336153269,0.0021293016616255045,0.26477953791618347,-9.188830375671387,0.16671304404735565
2025-03-07 02:10:06.733275,320,240,20,20,7.209985342455911,0.0010646508308127522,-0.004792673978954554,0.0026616270188242197,0.2843928337097168,-9.169217109680176,0.16671304404735565
2025-03-07 02:10:06.765501,320,240,20,20,7.213537842624646,-0.0015969761880114675,-0.005859069991856813,0.005859069991856813,0.26477953791618347,-9.169217109680176,0.14709974825382233
2025-03-07 02:10:06.794757,320,240,20,20,7.209495342432637,-0.0021293016616255045,-0.006923720706254244,0.0021293016616255045,0.26477953791618347,-9.188830375671387,0.16671304404735565
2025-03-07 02:10:06.824543,320,240,20,20,7.280892845823837,-0.0026616270188242197,-0.007988371886312962,0.0005323254154063761,0.26477953791618347,-9.169217109680176,0.16671304404735565
2025-03-07 02:10:06.853956,320,240,20,20,7.19876534192299,-0.0021293016616255045,-0.004260348621755838,0.0021293016616255045,0.26477953791618347,-9.169217109680176,0.14709974825382233
2025-03-07 02:10:06.883819,320,240,20,20,7.308502847135242,0.0010646508308127522,-0.005859069991856813,0.005324999336153269,0.26477953791618347,-9.188830375671387,0.16671304404735565
2025-03-07 02:10:06.913751,320,240,20,20,7.249630344338948,-0.0031956976745277643,-0.009587093256413937,0.003728023264557123,0.26477953791618347,-9.169217109680176,0.16671304404735565
2025-03-07 02:10:06.943851,320,240,20,20,7.301450346800266,0.0,-0.006923720706254244,0.010119418613612652,0.26477953791618347,-9.169217109680176,0.18632633984088898
2025-03-07 02:10:06.974087,320,240,20,20,7.217345342805492,0.0031956976745277643,-0.007988371886312962,-0.0015969761880114675,0.26477953791618347,-9.188830375671387,0.16671304404735565
2025-03-07 02:10:07.005370,320,240,20,20,7.168467840483936,-0.0031956976745277643,-0.007988371886312962,0.0,0.26477953791618347,-9.169217109680176,0.16671304404735565
2025-03-07 02:10:07.040461,320,240,20,20,7.294020346447359,-0.0005323254154063761,-0.005859069991856813,-0.0005323254154063761,0.26477953791618347,-9.169217109680176,0.14709974825382233
2025-03-07 02:10:07.073834,320,240,20,20,7.285695346051943,-0.003728023264557123,-0.005324999336153269,-0.0010646508308127522,0.26477953791618347,-9.169217109680176,0.16671304404735565
2025-03-07 02:10:07.107272,320,240,20,20,7.2013253420445835,-0.004260348621755838,-0.004792673978954554,0.0026616270188242197,0.26477953791618347,-9.169217109680176,0.16671304404735565
2025-03-07 02:10:07.140825,320,240,20,20,7.167977840460662,0.0031956976745277643,-0.005324999336153269,0.007988371886312962,0.26477953791618347,-9.188830375671387,0.16671304404735565
2025-03-07 02:10:07.173358,320,240,20,20,7.33811534854176,-0.0005323254154063761,-0.006391395349055529,0.0015969761880114675,0.24516624212265015,-9.169217109680176,0.16671304404735565
2025-03-07 02:10:07.209194,320,240,20,20,7.1120528378043675,-0.0015969761880114675,-0.0031956976745277643,0.0010646508308127522,0.26477953791618347,-9.169217109680176,0.16671304404735565
2025-03-07 02:10:07.246117,320,240,20,20,7.369792850046361,-0.0026616270188242197,-0.009587093256413937,0.0021293016616255045,0.26477953791618347,-9.188830375671387,0.16671304404735565
2025-03-07 02:10:07.285153,320,240,20,20,7.239675343866111,-0.0015969761880114675,-0.009054767899215221,0.0021293016616255045,0.26477953791618347,-9.169217109680176,0.16671304404735565
2025-03-07 02:10:07.324490,320,240,20,20,7.31592784748791,-0.0015969761880114675,-0.0015969761880114675,0.0026616270188242197,0.26477953791618347,-9.188830375671387,0.16671304404735565
2025-03-07 02:10:07.363118,320,240,20,20,7.268347845227981,-0.0015969761880114675,-0.010119418613612652,0.003728023264557123,0.26477953791618347,-9.169217109680176,0.18632633984088898
2025-03-07 02:10:07.409739,320,240,20,20,7.242857844017271,0.0,-0.006923720706254244,0.0026616270188242197,0.26477953791618347,-9.188830375671387,0.18632633984088898
2025-03-07 02:10:07.449347,320,240,20,20,7.169297840523359,-0.0015969761880114675,-0.0031956976745277643,0.005324999336153269,0.26477953791618347,-9.188830375671387,0.14709974825382233
2025-03-07 02:10:07.487867,320,240,20,20,7.246632844196574,-0.006391395349055529,-0.005859069991856813,0.0010646508308127522,0.26477953791618347,-9.169217109680176,0.18632633984088898
2025-03-07 02:10:07.525176,320,240,20,20,7.222672843058535,-0.004792673978954554,-0.0021293016616255045,0.004260348621755838,0.26477953791618347,-9.188830375671387,0.16671304404735565
2025-03-07 02:10:07.563523,320,240,20,20,7.197805341877393,-0.003728023264557123,-0.004260348621755838,0.0010646508308127522,0.26477953791618347,-9.169217109680176,0.16671304404735565
2025-03-07 02:10:07.596554,320,240,20,20,7.279655345765059,-0.0026616270188242197,-0.007456046529114246,0.003728023264557123,0.26477953791618347,-9.169217109680176,0.16671304404735565
2025-03-07 02:10:07.626815,320,240,20,20,7.360037849583023,-0.0031956976745277643,-0.006923720706254244,0.0021293016616255045,0.26477953791618347,-9.169217109680176,0.16671304404735565
2025-03-07 02:10:07.656820,320,240,20,20,7.247090344218305,0.0005323254154063761,-0.007456046529114246,0.004260348621755838,0.26477953791618347,-9.169217109680176,0.14709974825382233
2025-03-07 02:10:07.686866,320,240,20,20,7.219555342910462,-0.0015969761880114675,-0.004260348621755838,0.005324999336153269,0.26477953791618347,-9.169217109680176,0.16671304404735565
2025-03-07 02:10:07.716749,320,240,20,20,7.216130342747784,-0.0015969761880114675,-0.009587093256413937,0.0021293016616255045,0.2843928337097168,-9.188830375671387,0.16671304404735565
2025-03-07 02:10:07.746666,320,240,20,20,7.193660341680515,-0.004792673978954554,-0.005859069991856813,0.005859069991856813,0.24516624212265015,-9.169217109680176,0.18632633984088898
2025-03-07 02:10:07.776734,320,240,20,20,7.228062843314547,-0.0010646508308127522,-0.005324999336153269,0.0005323254154063761,0.2843928337097168,-9.169217109680176,0.16671304404735565
2025-03-07 02:10:07.806702,320,240,20,20,7.307075347067439,0.0010646508308127522,-0.003728023264557123,0.005324999336153269,0.26477953791618347,-9.188830375671387,0.18632633984088898
2025-03-07 02:10:07.839088,320,240,20,20,7.062287835440657,0.0010646508308127522,-0.0010646508308127522,0.0010646508308127522,0.26477953791618347,-9.188830375671387,0.16671304404735565
2025-03-07 02:10:07.876768,320,240,20,20,7.2171553427964685,-0.005324999336153269,-0.004792673978954554,0.004260348621755838,0.26477953791618347,-9.188830375671387,0.18632633984088898
2025-03-07 02:10:07.907189,320,240,20,20,7.205660342250485,0.0005323254154063761,-0.007456046529114246,0.0015969761880114675,0.26477953791618347,-9.169217109680176,0.14709974825382233
2025-03-07 02:10:07.940569,320,240,20,20,7.221600343007594,-0.0026616270188242197,-0.004792673978954554,0.0005323254154063761,0.26477953791618347,-9.188830375671387,0.16671304404735565
2025-03-07 02:10:07.974838,320,240,20,20,7.218005342836841,-0.0026616270188242197,-0.008520697243511677,0.004260348621755838,0.26477953791618347,-9.169217109680176,0.16671304404735565
2025-03-07 02:10:08.006754,320,240,20,20,7.233372843566758,0.0015969761880114675,-0.006923720706254244,0.0005323254154063761,0.26477953791618347,-9.169217109680176,0.16671304404735565
2025-03-07 02:10:08.041873,320,240,20,20,7.366442849887244,-0.0015969761880114675,-0.004260348621755838,-0.0015969761880114675,0.26477953791618347,-9.188830375671387,0.16671304404735565
2025-03-07 02:10:08.073112,320,240,20,20,7.224022843122657,0.0005323254154063761,-0.007988371886312962,0.0026616270188242197,0.26477953791618347,-9.188830375671387,0.16671304404735565
2025-03-07 02:10:08.110530,320,240,20,20,7.20760034234263,0.0015969761880114675,-0.0021293016616255045,-0.0005323254154063761,0.26477953791618347,-9.188830375671387,0.16671304404735565
2025-03-07 02:10:08.140465,320,240,20,20,7.345485348891816,0.0005323254154063761,-0.007988371886312962,0.003728023264557123,0.26477953791618347,-9.188830375671387,0.16671304404735565
2025-03-07 02:10:08.174797,320,240,20,20,7.2045203421963375,-0.007456046529114246,-0.006391395349055529,0.004260348621755838,0.26477953791618347,-9.188830375671387,0.18632633984088898
2025-03-07 02:10:08.206931,320,240,20,20,7.252582844479184,-0.0010646508308127522,-0.007456046529114246,0.0026616270188242197,0.26477953791618347,-9.149603843688965,0.16671304404735565
2025-03-07 02:10:08.242880,320,240,20,20,7.26484784506174,0.0,-0.005324999336153269,0.0026616270188242197,0.26477953791618347,-9.188830375671387,0.18632633984088898
2025-03-07 02:10:08.273808,320,240,20,20,7.148087839515938,-0.0021293016616255045,-0.009587093256413937,-0.0005323254154063761,0.26477953791618347,-9.169217109680176,0.16671304404735565
2025-03-07 02:10:08.308170,320,240,20,20,7.284000345971435,0.0021293016616255045,-0.0031956976745277643,0.0015969761880114675,0.26477953791618347,-9.188830375671387,0.16671304404735565
2025-03-07 02:10:08.339917,320,240,20,20,7.339052848586289,0.0026616270188242197,-0.004260348621755838,0.0,0.26477953791618347,-9.169217109680176,0.16671304404735565
2025-03-07 02:10:08.377598,320,240,20,20,7.298647846667154,-0.0021293016616255045,-0.006923720706254244,0.0005323254154063761,0.26477953791618347,-9.169217109680176,0.16671304404735565
2025-03-07 02:10:08.408140,320,240,20,20,7.303182846882555,-0.003728023264557123,-0.003728023264557123,0.0021293016616255045,0.26477953791618347,-9.188830375671387,0.14709974825382233
2025-03-07 02:10:08.439542,320,240,20,20,7.38784285090369,0.004260348621755838,-0.007988371886312962,-0.0005323254154063761,0.24516624212265015,-9.169217109680176,0.16671304404735565
2025-03-07 02:10:08.477525,320,240,20,20,7.195532841769454,-0.0021293016616255045,-0.008520697243511677,0.0021293016616255045,0.26477953791618347,-9.169217109680176,0.16671304404735565
2025-03-07 02:10:08.508235,320,240,20,20,7.16368284025666,0.0010646508308127522,-0.006391395349055529,0.006391395349055529,0.26477953791618347,-9.188830375671387,0.16671304404735565
2025-03-07 02:10:08.539750,320,240,20,20,7.169285340522765,0.0,-0.004792673978954554,-0.0010646508308127522,0.26477953791618347,-9.188830375671387,0.18632633984088898
2025-03-07 02:10:08.576205,320,240,20,20,7.362602849704854,-0.0026616270188242197,-0.005324999336153269,0.0031956976745277643,0.26477953791618347,-9.169217109680176,0.16671304404735565
2025-03-07 02:10:08.606131,320,240,20,20,7.32496284791705,0.0015969761880114675,-0.006391395349055529,0.0021293016616255045,0.26477953791618347,-9.188830375671387,0.16671304404735565
2025-03-07 02:10:08.643103,320,240,20,20,7.182157841134176,0.0005323254154063761,-0.0026616270188242197,0.0015969761880114675,0.26477953791618347,-9.169217109680176,0.16671304404735565
2025-03-07 02:10:08.673672,320,240,20,20,7.155172839852457,-0.0021293016616255045,-0.0021293016616255045,0.0,0.2843928337097168,-9.169217109680176,0.18632633984088898
2025-03-07 02:10:08.708396,320,240,20,20,7.237700343772303,0.0015969761880114675,-0.004260348621755838,0.0021293016616255045,0.26477953791618347,-9.169217109680176,0.16671304404735565
2025-03-07 02:10:08.739945,320,240,20,20,7.269085345263011,0.0005323254154063761,-0.003728023264557123,0.0021293016616255045,0.26477953791618347,-9.188830375671387,0.16671304404735565
2025-03-07 02:10:08.776162,320,240,20,20,7.320302847695712,-0.0005323254154063761,-0.0031956976745277643,0.0021293016616255045,0.26477953791618347,-9.169217109680176,0.18632633984088898
2025-03-07 02:10:08.806207,320,240,20,20,7.226952843261825,0.0015969761880114675,-0.007988371886312962,0.0021293016616255045,0.26477953791618347,-9.169217109680176,0.18632633984088898
2025-03-07 02:10:08.841800,320,240,20,20,7.229245343370712,-0.0021293016616255045,-0.004792673978954554,0.0,0.26477953791618347,-9.149603843688965,0.14709974825382233
2025-03-07 02:10:08.874053,320,240,20,20,7.260740344866645,-0.0021293016616255045,-0.003728023264557123,0.0031956976745277643,0.2843928337097168,-9.169217109680176,0.16671304404735565
2025-03-07 02:10:08.907823,320,240,20,20,7.317947847583855,-0.0021293016616255045,-0.006923720706254244,0.0015969761880114675,0.24516624212265015,-9.169217109680176,0.18632633984088898
2025-03-07 02:10:08.945113,320,240,20,20,7.312520347326062,0.0021293016616255045,-0.004792673978954554,0.0,0.2843928337097168,-9.169217109680176,0.16671304404735565
2025-03-07 02:10:08.982239,320,240,20,20,7.160427840102057,-0.004260348621755838,-0.009054767899215221,0.003728023264557123,0.26477953791618347,-9.169217109680176,0.18632633984088898
2025-03-07 02:10:09.019791,320,240,20,20,7.238587843814457,0.0010646508308127522,-0.004260348621755838,0.0005323254154063761,0.26477953791618347,-9.188830375671387,0.18632633984088898
2025-03-07 02:10:09.058897,320,240,20,20,7.317417847558682,-0.0031956976745277643,-0.005859069991856813,-0.0015969761880114675,0.26477953791618347,-9.169217109680176,0.16671304404735565
2025-03-07 02:10:09.098708,320,240,20,20,7.158667840018461,0.0,-0.0031956976745277643,0.0031956976745277643,0.26477953791618347,-9.188830375671387,0.18632633984088898
2025-03-07 02:10:09.132419,320,240,20,20,7.3846203507506285,0.0005323254154063761,-0.008520697243511677,-0.0010646508308127522,0.26477953791618347,-9.169217109680176,0.16671304404735565
2025-03-07 02:10:09.170903,320,240,20,20,7.131095338708837,-0.0005323254154063761,-0.004792673978954554,0.0031956976745277643,0.26477953791618347,-9.188830375671387,0.18632633984088898
2025-03-07 02:10:09.211766,320,240,20,20,7.257475344711565,-0.0021293016616255045,-0.006391395349055529,0.0015969761880114675,0.2843928337097168,-9.169217109680176,0.16671304404735565
2025-03-07 02:10:09.248584,320,240,20,20,7.293815346437623,0.0,-0.005324999336153269,0.0026616270188242197,0.2843928337097168,-9.169217109680176,0.16671304404735565
2025-03-07 02:10:09.286522,320,240,20,20,7.206410342286108,0.0010646508308127522,-0.0026616270188242197,0.0,0.26477953791618347,-9.169217109680176,0.16671304404735565
2025-03-07 02:10:09.324343,320,240,20,20,7.330490348179592,-0.003728023264557123,-0.004792673978954554,0.003728023264557123,0.24516624212265015,-9.169217109680176,0.18632633984088898
2025-03-07 02:10:09.359469,320,240,20,20,7.131197838713706,-0.0021293016616255045,-0.006923720706254244,0.003728023264557123,0.26477953791618347,-9.169217109680176,0.16671304404735565
2025-03-07 02:10:09.403867,320,240,20,20,7.197517841863737,-0.0021293016616255045,-0.006923720706254244,0.0021293016616255045,0.26477953791618347,-9.169217109680176,0.16671304404735565
2025-03-07 02:10:09.442377,320,240,20,20,7.191972841600363,-0.0015969761880114675,-0.007988371886312962,0.0015969761880114675,0.26477953791618347,-9.169217109680176,0.16671304404735565
2025-03-07 02:10:09.482965,320,240,20,20,7.279265345746535,0.004260348621755838,-0.005324999336153269,0.004260348621755838,0.2843928337097168,-9.169217109680176,0.16671304404735565
2025-03-07 02:10:09.521942,320,240,20,20,7.32920034811832,-0.0021293016616255045,-0.006923720706254244,0.003728023264557123,0.26477953791618347,-9.169217109680176,0.16671304404735565
2025-03-07 02:10:09.559399,320,240,20,20,7.150885339648812,-0.0010646508308127522,-0.004792673978954554,0.0,0.26477953791618347,-9.169217109680176,0.16671304404735565
2025-03-07 02:10:09.597997,320,240,20,20,7.322802847814455,-0.0010646508308127522,-0.004260348621755838,-0.0005323254154063761,0.26477953791618347,-9.169217109680176,0.16671304404735565
2025-03-07 02:10:09.637391,320,240,20,20,7.247945344258914,-0.0031956976745277643,-0.004260348621755838,0.005324999336153269,0.24516624212265015,-9.169217109680176,0.16671304404735565
2025-03-07 02:10:09.674944,320,240,20,20,7.237022843740124,0.0015969761880114675,-0.0026616270188242197,0.0021293016616255045,0.26477953791618347,-9.169217109680176,0.16671304404735565
2025-03-07 02:10:09.713155,320,240,20,20,7.227247843275836,-0.004260348621755838,-0.007988371886312962,0.003728023264557123,0.26477953791618347,-9.169217109680176,0.16671304404735565
2025-03-07 02:10:09.749878,320,240,20,20,7.162060340179596,0.0031956976745277643,-0.004260348621755838,0.0026616270188242197,0.26477953791618347,-9.188830375671387,0.2059396505355835
2025-03-07 02:10:09.788299,320,240,20,20,7.333667848330515,-0.005324999336153269,-0.006391395349055529,-0.0015969761880114675,0.26477953791618347,-9.169217109680176,0.16671304404735565
2025-03-07 02:10:09.827164,320,240,20,20,7.273530345474137,-0.0005323254154063761,-0.005324999336153269,0.0010646508308127522,0.2843928337097168,-9.169217109680176,0.16671304404735565
2025-03-07 02:10:09.865952,320,240,20,20,7.220402842950716,0.0026616270188242197,-0.0021293016616255045,0.0021293016616255045,0.26477953791618347,-9.169217109680176,0.16671304404735565
2025-03-07 02:10:09.906398,320,240,20,20,7.328147848068329,-0.003728023264557123,-0.004792673978954554,0.0021293016616255045,0.26477953791618347,-9.169217109680176,0.16671304404735565
2025-03-07 02:10:09.943558,320,240,20,20,7.3286503480921965,-0.0021293016616255045,-0.005859069991856813,0.0,0.24516624212265015,-9.169217109680176,0.16671304404735565
2025-03-07 02:10:09.978447,320,240,20,20,7.281547845854948,-0.0010646508308127522,-0.005859069991856813,0.006391395349055529,0.26477953791618347,-9.169217109680176,0.14709974825382233
2025-03-07 02:10:10.010757,320,240,20,20,7.298660346667748,-0.0015969761880114675,-0.003728023264557123,0.004260348621755838,0.26477953791618347,-9.169217109680176,0.14709974825382233
2025-03-07 02:10:10.040670,320,240,20,20,7.2199053429270865,-0.004260348621755838,-0.0026616270188242197,0.0010646508308127522,0.26477953791618347,-9.188830375671387,0.16671304404735565
2025-03-07 02:10:10.076144,320,240,20,20,7.267642845194496,0.0015969761880114675,-0.004260348621755838,0.0005323254154063761,0.26477953791618347,-9.169217109680176,0.16671304404735565
2025-03-07 02:10:10.106555,320,240,20,20,7.244240344082937,0.0031956976745277643,-0.005859069991856813,0.003728023264557123,0.26477953791618347,-9.169217109680176,0.16671304404735565
2025-03-07 02:10:10.145880,320,240,20,20,7.3217353477637515,0.0,-0.003728023264557123,-0.0005323254154063761,0.26477953791618347,-9.188830375671387,0.18632633984088898
2025-03-07 02:10:10.176905,320,240,20,20,7.271125345359906,-0.0010646508308127522,-0.011184069328010082,0.0015969761880114675,0.24516624212265015,-9.169217109680176,0.16671304404735565
2025-03-07 02:10:10.207080,320,240,20,20,7.236247843703313,0.0,-0.006923720706254244,0.0015969761880114675,0.26477953791618347,-9.169217109680176,0.16671304404735565
2025-03-07 02:10:10.242873,320,240,20,20,7.262185344935278,0.0005323254154063761,-0.009054767899215221,0.006391395349055529,0.26477953791618347,-9.169217109680176,0.14709974825382233
2025-03-07 02:10:10.273568,320,240,20,20,7.332212848261406,-0.0010646508308127522,-0.010651743970811367,0.0031956976745277643,0.26477953791618347,-9.169217109680176,0.14709974825382233
2025-03-07 02:10:10.311152,320,240,20,20,7.214550342672737,-0.0010646508308127522,-0.0031956976745277643,0.004792673978954554,0.26477953791618347,-9.188830375671387,0.16671304404735565
2025-03-07 02:10:10.340917,320,240,20,20,7.181132841085491,-0.0021293016616255045,-0.005324999336153269,0.0031956976745277643,0.26477953791618347,-9.188830375671387,0.18632633984088898
2025-03-07 02:10:10.383103,320,240,20,20,7.268705345244962,0.0,-0.006391395349055529,0.0021293016616255045,0.26477953791618347,-9.169217109680176,0.16671304404735565
2025-03-07 02:10:10.418301,320,240,20,20,7.2596878448166535,-0.003728023264557123,-0.0010646508308127522,0.0010646508308127522,0.26477953791618347,-9.188830375671387,0.18632633984088898
2025-03-07 02:10:10.448007,320,240,20,20,7.150487839629932,-0.0015969761880114675,-0.008520697243511677,0.0005323254154063761,0.26477953791618347,-9.188830375671387,0.16671304404735565
2025-03-07 02:10:10.477916,320,240,20,20,7.2243353431375,0.0005323254154063761,-0.004792673978954554,0.0031956976745277643,0.2843928337097168,-9.188830375671387,0.16671304404735565
2025-03-07 02:10:10.507599,320,240,20,20,7.112657837833103,0.0010646508308127522,-0.010651743970811367,0.0031956976745277643,0.26477953791618347,-9.188830375671387,0.16671304404735565
2025-03-07 02:10:10.540402,320,240,20,20,7.247630344243953,-0.003728023264557123,-0.006391395349055529,-0.0015969761880114675,0.26477953791618347,-9.169217109680176,0.16671304404735565
2025-03-07 02:10:10.576140,320,240,20,20,7.220900342974346,-0.0005323254154063761,-0.007988371886312962,0.0021293016616255045,0.24516624212265015,-9.169217109680176,0.16671304404735565
2025-03-07 02:10:10.608762,320,240,20,20,7.3015103468031155,-0.0005323254154063761,-0.0026616270188242197,0.0021293016616255045,0.26477953791618347,-9.169217109680176,0.14709974825382233
2025-03-07 02:10:10.649587,320,240,20,20,7.21633534275752,0.0,-0.003728023264557123,0.005324999336153269,0.26477953791618347,-9.169217109680176,0.16671304404735565
2025-03-07 02:10:10.689449,320,240,20,20,7.21295284259686,-0.0010646508308127522,-0.006391395349055529,0.0026616270188242197,0.26477953791618347,-9.188830375671387,0.14709974825382233
2025-03-07 02:10:10.727606,320,240,20,20,7.155970339890336,0.0,-0.006923720706254244,0.0,0.26477953791618347,-9.169217109680176,0.18632633984088898
2025-03-07 02:10:10.765745,320,240,20,20,7.269732845293765,0.0,-0.005324999336153269,0.0010646508308127522,0.26477953791618347,-9.169217109680176,0.16671304404735565
2025-03-07 02:10:10.798420,320,240,20,20,7.273530345474137,-0.0005323254154063761,-0.006923720706254244,0.0,0.26477953791618347,-9.188830375671387,0.16671304404735565
2025-03-07 02:10:10.828050,320,240,20,20,7.151960339699872,-0.0005323254154063761,-0.008520697243511677,0.0010646508308127522,0.26477953791618347,-9.188830375671387,0.16671304404735565
2025-03-07 02:10:10.857984,320,240,20,20,7.278830345725874,-0.0026616270188242197,-0.004260348621755838,0.007456046529114246,0.26477953791618347,-9.169217109680176,0.16671304404735565
2025-03-07 02:10:10.887808,320,240,20,20,7.249305344323512,-0.0010646508308127522,-0.003728023264557123,0.003728023264557123,0.26477953791618347,-9.188830375671387,0.16671304404735565
2025-03-07 02:10:10.917801,320,240,20,20,7.252542844477285,-0.0021293016616255045,-0.004792673978954554,0.0,0.26477953791618347,-9.188830375671387,0.16671304404735565
2025-03-07 02:10:10.947645,320,240,20,20,7.2413278439446005,0.0015969761880114675,-0.004792673978954554,0.004792673978954554,0.26477953791618347,-9.169217109680176,0.16671304404735565
2025-03-07 02:10:10.988011,320,240,20,20,7.263122844979807,-0.0015969761880114675,-0.005859069991856813,0.0010646508308127522,0.26477953791618347,-9.188830375671387,0.16671304404735565
2025-03-07 02:10:11.028331,320,240,20,20,7.2831053459289254,0.0010646508308127522,-0.003728023264557123,0.003728023264557123,0.26477953791618347,-9.169217109680176,0.16671304404735565
2025-03-07 02:10:11.070561,320,240,20,20,7.272645345432101,-0.0026616270188242197,-0.007456046529114246,0.003728023264557123,0.26477953791618347,-9.188830375671387,0.16671304404735565
2025-03-07 02:10:11.109643,320,240,20,20,7.255230344604934,-0.0010646508308127522,-0.007456046529114246,0.003728023264557123,0.26477953791618347,-9.188830375671387,0.18632633984088898
2025-03-07 02:10:11.148904,320,240,20,20,7.155942839889031,-0.0031956976745277643,-0.005324999336153269,0.0010646508308127522,0.24516624212265015,-9.169217109680176,0.16671304404735565
2025-03-07 02:10:11.186848,320,240,20,20,7.428192852820212,-0.0031956976745277643,-0.009054767899215221,0.0026616270188242197,0.26477953791618347,-9.169217109680176,0.16671304404735565
2025-03-07 02:10:11.219317,320,240,20,20,7.256740344676655,-0.0005323254154063761,-0.003728023264557123,-0.0015969761880114675,0.26477953791618347,-9.188830375671387,0.16671304404735565
2025-03-07 02:10:11.250004,320,240,20,20,7.235725343678496,-0.0010646508308127522,-0.004792673978954554,0.0026616270188242197,0.26477953791618347,-9.169217109680176,0.18632633984088898
2025-03-07 02:10:11.279717,320,240,20,20,7.259120344789698,0.0,-0.004792673978954554,0.005859069991856813,0.2843928337097168,-9.169217109680176,0.18632633984088898
2025-03-07 02:10:11.309451,320,240,20,20,7.147422839484352,-0.0031956976745277643,-0.006391395349055529,0.0015969761880114675,0.2843928337097168,-9.169217109680176,0.16671304404735565
2025-03-07 02:10:11.340246,320,240,20,20,7.459967854329443,-0.0026616270188242197,-0.008520697243511677,0.0005323254154063761,0.26477953791618347,-9.169217109680176,0.16671304404735565
2025-03-07 02:10:11.376915,320,240,20,20,7.2173353428050175,-0.0015969761880114675,-0.008520697243511677,0.0015969761880114675,0.26477953791618347,-9.169217109680176,0.16671304404735565
2025-03-07 02:10:11.406979,320,240,20,20,7.250215344366734,-0.0005323254154063761,-0.004792673978954554,0.0005323254154063761,0.26477953791618347,-9.169217109680176,0.16671304404735565
2025-03-07 02:10:11.446004,320,240,20,20,7.105207837479247,0.0015969761880114675,-0.006391395349055529,0.0015969761880114675,0.26477953791618347,-9.188830375671387,0.18632633984088898
2025-03-07 02:10:11.476432,320,240,20,20,7.35656034941785,-0.0010646508308127522,-0.010651743970811367,0.0010646508308127522,0.26477953791618347,-9.169217109680176,0.16671304404735565
2025-03-07 02:10:11.507485,320,240,20,20,7.325005347919069,-0.0010646508308127522,-0.006391395349055529,-0.0015969761880114675,0.26477953791618347,-9.169217109680176,0.16671304404735565
2025-03-07 02:10:11.545474,320,240,20,20,7.221022842980164,0.0,-0.007988371886312962,-0.0031956976745277643,0.26477953791618347,-9.169217109680176,0.18632633984088898
2025-03-07 02:10:11.576456,320,240,20,20,7.208585342389415,-0.005324999336153269,-0.007456046529114246,-0.0005323254154063761,0.26477953791618347,-9.188830375671387,0.16671304404735565
2025-03-07 02:10:11.611393,320,240,20,20,7.303337846889917,-0.0021293016616255045,-0.011184069328010082,0.0031956976745277643,0.26477953791618347,-9.169217109680176,0.16671304404735565
2025-03-07 02:10:11.648304,320,240,20,20,7.312672847333306,-0.0005323254154063761,-0.005324999336153269,0.003728023264557123,0.26477953791618347,-9.169217109680176,0.16671304404735565
2025-03-07 02:10:11.688110,320,240,20,20,7.181550341105321,0.0005323254154063761,-0.003728023264557123,0.0010646508308127522,0.26477953791618347,-9.169217109680176,0.16671304404735565
2025-03-07 02:10:11.726258,320,240,20,20,7.215050342696486,0.0,-0.010651743970811367,0.0010646508308127522,0.26477953791618347,-9.169217109680176,0.16671304404735565
2025-03-07 02:10:11.765515,320,240,20,20,7.184322841237008,-0.0031956976745277643,-0.0026616270188242197,0.0005323254154063761,0.2843928337097168,-9.169217109680176,0.16671304404735565
2025-03-07 02:10:11.805222,320,240,20,20,7.212517842576199,-0.0015969761880114675,-0.006923720706254244,0.004260348621755838,0.2843928337097168,-9.169217109680176,0.16671304404735565
2025-03-07 02:10:11.844023,320,240,20,20,7.240315343896509,-0.0005323254154063761,-0.010651743970811367,0.0010646508308127522,0.26477953791618347,-9.188830375671387,0.16671304404735565
2025-03-07 02:10:11.881216,320,240,20,20,7.1489953395590415,0.0015969761880114675,-0.005324999336153269,0.0015969761880114675,0.26477953791618347,-9.169217109680176,0.16671304404735565
2025-03-07 02:10:11.916720,320,240,20,20,7.208480342384428,0.0026616270188242197,-0.007456046529114246,0.004260348621755838,0.26477953791618347,-9.188830375671387,0.16671304404735565
2025-03-07 02:10:11.955855,320,240,20,20,7.271242845365487,-0.0010646508308127522,-0.005859069991856813,0.003728023264557123,0.26477953791618347,-9.169217109680176,0.16671304404735565
2025-03-07 02:10:11.994472,320,240,20,20,7.267422845184046,-0.0015969761880114675,-0.005324999336153269,0.0026616270188242197,0.26477953791618347,-9.169217109680176,0.16671304404735565
2025-03-07 02:10:12.032880,320,240,20,20,7.201985342075932,-0.0021293016616255045,-0.005324999336153269,0.005324999336153269,0.26477953791618347,-9.169217109680176,0.18632633984088898
2025-03-07 02:10:12.071174,320,240,20,20,7.284422845991503,-0.0021293016616255045,-0.0026616270188242197,0.0015969761880114675,0.26477953791618347,-9.169217109680176,0.14709974825382233
2025-03-07 02:10:12.109855,320,240,20,20,7.338425348556484,-0.0015969761880114675,-0.005859069991856813,0.0021293016616255045,0.26477953791618347,-9.169217109680176,0.16671304404735565
2025-03-07 02:10:12.143795,320,240,20,20,7.321457847750571,0.003728023264557123,-0.0021293016616255045,0.0005323254154063761,0.26477953791618347,-9.169217109680176,0.16671304404735565
2025-03-07 02:10:12.185242,320,240,20,20,7.1724553406733325,0.0,-0.007988371886312962,0.0010646508308127522,0.26477953791618347,-9.188830375671387,0.16671304404735565
2025-03-07 02:10:12.233127,320,240,20,20,7.174735340781626,-0.0010646508308127522,-0.004792673978954554,0.004792673978954554,0.26477953791618347,-9.169217109680176,0.16671304404735565
2025-03-07 02:10:12.276603,320,240,20,20,7.28653784609196,-0.004260348621755838,-0.006923720706254244,0.0031956976745277643,0.26477953791618347,-9.169217109680176,0.14709974825382233
2025-03-07 02:10:12.316018,320,240,20,20,7.167810340452706,0.0005323254154063761,0.0005323254154063761,0.0005323254154063761,0.26477953791618347,-9.169217109680176,0.16671304404735565
2025-03-07 02:10:12.354223,320,240,20,20,7.292277846364596,-0.005324999336153269,-0.005324999336153269,0.0031956976745277643,0.2843928337097168,-9.188830375671387,0.16671304404735565
2025-03-07 02:10:12.399113,320,240,20,20,7.206200342276134,-0.0031956976745277643,-0.005324999336153269,0.004260348621755838,0.26477953791618347,-9.169217109680176,0.16671304404735565
2025-03-07 02:10:12.440534,320,240,20,20,7.18155284110544,-0.0026616270188242197,-0.0031956976745277643,0.0021293016616255045,0.26477953791618347,-9.169217109680176,0.16671304404735565
2025-03-07 02:10:12.479962,320,240,20,20,7.217207842798961,0.0,-0.011184069328010082,0.0031956976745277643,0.26477953791618347,-9.169217109680176,0.16671304404735565
2025-03-07 02:10:12.519429,320,240,20,20,7.3192953476478575,-0.0010646508308127522,-0.0026616270188242197,0.0010646508308127522,0.26477953791618347,-9.188830375671387,0.16671304404735565
2025-03-07 02:10:12.558436,320,240,20,20,7.177015340889921,0.0026616270188242197,-0.006923720706254244,0.003728023264557123,0.26477953791618347,-9.188830375671387,0.16671304404735565
2025-03-07 02:10:12.598127,320,240,20,20,7.247780344251078,0.0005323254154063761,-0.006391395349055529,0.003728023264557123,0.24516624212265015,-9.188830375671387,0.18632633984088898
2025-03-07 02:10:12.638613,320,240,20,20,7.2484253442817135,-0.005324999336153269,-0.007456046529114246,-0.0015969761880114675,0.26477953791618347,-9.169217109680176,0.16671304404735565
2025-03-07 02:10:12.680366,320,240,20,20,7.1224753382994095,-0.0015969761880114675,-0.003728023264557123,0.0005323254154063761,0.26477953791618347,-9.188830375671387,0.18632633984088898
2025-03-07 02:10:12.719672,320,240,20,20,7.346485348939313,0.0021293016616255045,-0.0031956976745277643,0.005859069991856813,0.26477953791618347,-9.169217109680176,0.16671304404735565
2025-03-07 02:10:12.758304,320,240,20,20,7.185477841291868,-0.004260348621755838,-0.007456046529114246,0.0015969761880114675,0.26477953791618347,-9.169217109680176,0.16671304404735565
2025-03-07 02:10:12.795356,320,240,20,20,7.207822842353198,-0.005859069991856813,-0.004260348621755838,0.0005323254154063761,0.26477953791618347,-9.169217109680176,0.14709974825382233
2025-03-07 02:10:12.836919,320,240,20,20,7.287955346159288,0.0005323254154063761,-0.004792673978954554,0.0015969761880114675,0.26477953791618347,-9.169217109680176,0.16671304404735565
2025-03-07 02:10:12.876722,320,240,20,20,7.188887841453834,-0.0031956976745277643,-0.007456046529114246,0.004792673978954554,0.26477953791618347,-9.188830375671387,0.16671304404735565
2025-03-07 02:10:12.914387,320,240,20,20,7.20175034206477,-0.0026616270188242197,-0.004260348621755838,-0.0005323254154063761,0.26477953791618347,-9.169217109680176,0.16671304404735565
2025-03-07 02:10:12.952542,320,240,20,20,7.156292839905655,-0.0015969761880114675,-0.011718139983713627,0.005324999336153269,0.26477953791618347,-9.169217109680176,0.18632633984088898
2025-03-07 02:10:12.991406,320,240,20,20,7.185410341288661,-0.0026616270188242197,-0.007988371886312962,0.003728023264557123,0.26477953791618347,-9.169217109680176,0.16671304404735565
2025-03-07 02:10:13.031098,320,240,20,20,7.341427848699095,0.004792673978954554,-0.0021293016616255045,0.0010646508308127522,0.26477953791618347,-9.188830375671387,0.16671304404735565
2025-03-07 02:10:13.072104,320,240,20,20,7.2297103433927985,0.0,-0.007456046529114246,0.003728023264557123,0.26477953791618347,-9.169217109680176,0.16671304404735565
2025-03-07 02:10:13.110802,320,240,20,20,7.257590344717028,0.0,-0.006923720706254244,0.0015969761880114675,0.26477953791618347,-9.169217109680176,0.16671304404735565
2025-03-07 02:10:13.148703,320,240,20,20,7.333510348323034,0.0005323254154063761,-0.006923720706254244,-0.0031956976745277643,0.26477953791618347,-9.188830375671387,0.14709974825382233
2025-03-07 02:10:13.187546,320,240,20,20,7.3790753504872555,-0.0010646508308127522,-0.005324999336153269,0.0010646508308127522,0.26477953791618347,-9.169217109680176,0.16671304404735565
2025-03-07 02:10:13.225885,320,240,20,20,7.307177847072308,-0.0010646508308127522,-0.004260348621755838,0.0021293016616255045,0.26477953791618347,-9.169217109680176,0.16671304404735565
2025-03-07 02:10:13.266940,320,240,20,20,7.201960342074744,-0.0010646508308127522,-0.0031956976745277643,0.004260348621755838,0.26477953791618347,-9.188830375671387,0.18632633984088898
2025-03-07 02:10:13.304429,320,240,20,20,7.259145344790886,0.0021293016616255045,-0.008520697243511677,0.0005323254154063761,0.26477953791618347,-9.188830375671387,0.14709974825382233
2025-03-07 02:10:13.342829,320,240,20,20,7.258585344764287,0.0005323254154063761,-0.007456046529114246,0.0,0.26477953791618347,-9.169217109680176,0.16671304404735565
2025-03-07 02:10:13.378072,320,240,20,20,7.369377850026649,0.0,-0.005324999336153269,-0.0005323254154063761,0.2843928337097168,-9.169217109680176,0.14709974825382233
2025-03-07 02:10:13.420240,320,240,20,20,7.20173034206382,-0.0005323254154063761,-0.010119418613612652,-0.0005323254154063761,0.26477953791618347,-9.188830375671387,0.16671304404735565
2025-03-07 02:10:13.456906,320,240,20,20,7.297745346624287,0.0015969761880114675,-0.0031956976745277643,0.0005323254154063761,0.26477953791618347,-9.169217109680176,0.14709974825382233
2025-03-07 02:10:13.487361,320,240,20,20,7.245197844128415,0.0015969761880114675,-0.005859069991856813,0.0010646508308127522,0.26477953791618347,-9.169217109680176,0.16671304404735565
2025-03-07 02:10:13.517398,320,240,20,20,7.32213534778275,0.0,-0.005324999336153269,0.0010646508308127522,0.26477953791618347,-9.169217109680176,0.16671304404735565
2025-03-07 02:10:13.547255,320,240,20,20,7.1955203417688605,-0.0026616270188242197,-0.005859069991856813,0.0010646508308127522,0.26477953791618347,-9.188830375671387,0.16671304404735565
2025-03-07 02:10:13.577291,320,240,20,20,7.257340344705153,-0.0010646508308127522,-0.006391395349055529,0.0005323254154063761,0.2843928337097168,-9.188830375671387,0.18632633984088898
2025-03-07 02:10:13.607887,320,240,20,20,7.198112841891998,-0.0026616270188242197,-0.008520697243511677,0.005859069991856813,0.26477953791618347,-9.169217109680176,0.14709974825382233
2025-03-07 02:10:13.642998,320,240,20,20,7.299167846691853,-0.0010646508308127522,-0.006391395349055529,0.004260348621755838,0.26477953791618347,-9.169217109680176,0.16671304404735565
2025-03-07 02:10:13.677154,320,240,20,20,7.310590347234393,-0.003728023264557123,-0.007456046529114246,0.0,0.26477953791618347,-9.169217109680176,0.14709974825382233
2025-03-07 02:10:13.708364,320,240,20,20,7.27181284539256,-0.0026616270188242197,-0.006391395349055529,-0.0021293016616255045,0.26477953791618347,-9.188830375671387,0.16671304404735565
2025-03-07 02:10:13.745036,320,240,20,20,7.179312840999046,-0.0015969761880114675,-0.005324999336153269,0.006923720706254244,0.2843928337097168,-9.169217109680176,0.16671304404735565
2025-03-07 02:10:13.775312,320,240,20,20,7.362810349714709,-0.0026616270188242197,-0.006391395349055529,0.0031956976745277643,0.26477953791618347,-9.169217109680176,0.16671304404735565
2025-03-07 02:10:13.810976,320,240,20,20,7.247462844235997,-0.0015969761880114675,-0.006923720706254244,0.0021293016616255045,0.26477953791618347,-9.169217109680176,0.16671304404735565
2025-03-07 02:10:13.841708,320,240,20,20,7.356332849407044,-0.0005323254154063761,-0.007456046529114246,0.0005323254154063761,0.2843928337097168,-9.169217109680176,0.16671304404735565
2025-03-07 02:10:13.878406,320,240,20,20,7.215172842702304,-0.0031956976745277643,-0.005324999336153269,-0.0010646508308127522,0.26477953791618347,-9.169217109680176,0.16671304404735565
2025-03-07 02:10:13.909329,320,240,20,20,7.253382844517182,-0.0021293016616255045,-0.009054767899215221,0.0026616270188242197,0.26477953791618347,-9.188830375671387,0.16671304404735565
2025-03-07 02:10:13.943806,320,240,20,20,7.287485346136964,0.0005323254154063761,-0.005859069991856813,0.0026616270188242197,0.26477953791618347,-9.188830375671387,0.16671304404735565
2025-03-07 02:10:13.976150,320,240,20,20,7.233960343594663,-0.0015969761880114675,-0.007988371886312962,0.0015969761880114675,0.2843928337097168,-9.188830375671387,0.16671304404735565
2025-03-07 02:10:14.010707,320,240,20,20,7.272935345445876,0.0,-0.008520697243511677,0.004260348621755838,0.26477953791618347,-9.188830375671387,0.18632633984088898
2025-03-07 02:10:14.042195,320,240,20,20,7.248082844265445,-0.0031956976745277643,0.0026616270188242197,-0.0010646508308127522,0.26477953791618347,-9.169217109680176,0.18632633984088898
2025-03-07 02:10:14.076731,320,240,20,20,7.204397842190519,-0.003728023264557123,-0.007456046529114246,0.0021293016616255045,0.26477953791618347,-9.169217109680176,0.16671304404735565
2025-03-07 02:10:14.110471,320,240,20,20,7.148652839542774,0.0015969761880114675,-0.004792673978954554,0.0021293016616255045,0.26477953791618347,-9.169217109680176,0.16671304404735565
2025-03-07 02:10:14.142930,320,240,20,20,7.304537846946914,0.0,-0.005324999336153269,0.0021293016616255045,0.2843928337097168,-9.169217109680176,0.16671304404735565
2025-03-07 02:10:14.177078,320,240,20,20,7.23842284380662,0.0010646508308127522,-0.007456046529114246,0.0021293016616255045,0.26477953791618347,-9.169217109680176,0.16671304404735565
2025-03-07 02:10:14.209920,320,240,20,20,7.172252840663714,0.004260348621755838,-0.005324999336153269,0.0,0.2843928337097168,-9.188830375671387,0.16671304404735565
2025-03-07 02:10:14.242828,320,240,20,20,7.242817844015372,0.0005323254154063761,-0.004260348621755838,-0.0021293016616255045,0.2843928337097168,-9.188830375671387,0.16671304404735565
2025-03-07 02:10:14.275745,320,240,20,20,7.291455346325529,0.0010646508308127522,-0.005859069991856813,0.0005323254154063761,0.24516624212265015,-9.188830375671387,0.16671304404735565
2025-03-07 02:10:14.309905,320,240,20,20,7.250795344394282,0.0026616270188242197,-0.005324999336153269,0.006923720706254244,0.26477953791618347,-9.169217109680176,0.16671304404735565
2025-03-07 02:10:14.342710,320,240,20,20,7.1717003406374715,-0.0021293016616255045,-0.010119418613612652,0.0031956976745277643,0.2843928337097168,-9.188830375671387,0.16671304404735565
2025-03-07 02:10:14.377246,320,240,20,20,7.285505346042919,-0.003728023264557123,-0.005324999336153269,0.0010646508308127522,0.2843928337097168,-9.188830375671387,0.16671304404735565
2025-03-07 02:10:14.409048,320,240,20,20,7.3248803479131315,-0.0010646508308127522,-0.003728023264557123,0.004792673978954554,0.26477953791618347,-9.169217109680176,0.16671304404735565
2025-03-07 02:10:14.445471,320,240,20,20,7.236920343735255,-0.004792673978954554,-0.007988371886312962,0.003728023264557123,0.26477953791618347,-9.169217109680176,0.18632633984088898
2025-03-07 02:10:14.476392,320,240,20,20,7.188480341434479,-0.004792673978954554,-0.010651743970811367,-0.0005323254154063761,0.26477953791618347,-9.188830375671387,0.18632633984088898
2025-03-07 02:10:14.510848,320,240,20,20,7.280030345782871,-0.003728023264557123,-0.004260348621755838,0.004260348621755838,0.26477953791618347,-9.169217109680176,0.16671304404735565
2025-03-07 02:10:14.543473,320,240,20,20,7.2271803432726305,-0.0015969761880114675,-0.006923720706254244,0.0010646508308127522,0.26477953791618347,-9.169217109680176,0.16671304404735565
2025-03-07 02:10:14.576272,320,240,20,20,7.2964053465606415,0.0005323254154063761,-0.003728023264557123,-0.0010646508308127522,0.26477953791618347,-9.188830375671387,0.16671304404735565
2025-03-07 02:10:14.612687,320,240,20,20,7.218550342862727,0.0005323254154063761,-0.004792673978954554,0.0,0.26477953791618347,-9.169217109680176,0.16671304404735565
2025-03-07 02:10:14.643032,320,240,20,20,7.187957841409661,-0.0010646508308127522,-0.009054767899215221,0.0026616270188242197,0.26477953791618347,-9.169217109680176,0.16671304404735565
2025-03-07 02:10:14.676778,320,240,20,20,7.219082842888019,0.0026616270188242197,-0.003728023264557123,0.0031956976745277643,0.26477953791618347,-9.169217109680176,0.16671304404735565
2025-03-07 02:10:14.709649,320,240,20,20,7.204442842192657,-0.0015969761880114675,-0.006923720706254244,0.0021293016616255045,0.26477953791618347,-9.188830375671387,0.16671304404735565
2025-03-07 02:10:14.744532,320,240,20,20,7.237840343778953,-0.0021293016616255045,-0.003728023264557123,0.0021293016616255045,0.24516624212265015,-9.169217109680176,0.16671304404735565
2025-03-07 02:10:14.775125,320,240,20,20,7.253185344507801,0.004792673978954554,-0.006923720706254244,-0.0021293016616255045,0.26477953791618347,-9.169217109680176,0.16671304404735565
2025-03-07 02:10:14.812955,320,240,20,20,7.265785345106269,-0.004792673978954554,-0.009587093256413937,0.0015969761880114675,0.26477953791618347,-9.169217109680176,0.16671304404735565
2025-03-07 02:10:14.842963,320,240,20,20,7.24686034420738,0.0,-0.006391395349055529,0.004260348621755838,0.26477953791618347,-9.188830375671387,0.18632633984088898
2025-03-07 02:10:14.875099,320,240,20,20,7.22471284315543,-0.0015969761880114675,-0.005324999336153269,0.003728023264557123,0.26477953791618347,-9.169217109680176,0.16671304404735565
2025-03-07 02:10:14.909574,320,240,20,20,7.169460340531077,-0.0015969761880114675,-0.007988371886312962,0.0021293016616255045,0.2843928337097168,-9.169217109680176,0.14709974825382233
2025-03-07 02:10:14.943584,320,240,20,20,7.26737534518179,0.0010646508308127522,-0.010651743970811367,0.0026616270188242197,0.26477953791618347,-9.188830375671387,0.16671304404735565
2025-03-07 02:10:14.976403,320,240,20,20,7.241482843951962,0.0031956976745277643,-0.006923720706254244,0.0015969761880114675,0.26477953791618347,-9.188830375671387,0.16671304404735565
2025-03-07 02:10:15.009849,320,240,20,20,7.209837842448906,-0.0015969761880114675,-0.005324999336153269,0.003728023264557123,0.26477953791618347,-9.188830375671387,0.16671304404735565
2025-03-07 02:10:15.042066,320,240,20,20,7.199835341973812,0.0005323254154063761,-0.003728023264557123,0.004792673978954554,0.24516624212265015,-9.188830375671387,0.18632633984088898
2025-03-07 02:10:15.078594,320,240,20,20,7.27243034542189,0.0005323254154063761,-0.0005323254154063761,0.004260348621755838,0.2843928337097168,-9.169217109680176,0.16671304404735565
2025-03-07 02:10:15.108897,320,240,20,20,7.2433703440416135,-0.0005323254154063761,-0.004792673978954554,0.0026616270188242197,0.26477953791618347,-9.149603843688965,0.16671304404735565
2025-03-07 02:10:15.146416,320,240,20,20,7.216382842759776,0.003728023264557123,-0.005859069991856813,0.007456046529114246,0.26477953791618347,-9.188830375671387,0.16671304404735565
2025-03-07 02:10:15.176919,320,240,20,20,7.295997846541286,-0.0021293016616255045,-0.006923720706254244,0.0031956976745277643,0.26477953791618347,-9.169217109680176,0.16671304404735565
2025-03-07 02:10:15.209253,320,240,20,20,7.19140284157329,-0.0015969761880114675,-0.005859069991856813,0.0021293016616255045,0.24516624212265015,-9.188830375671387,0.14709974825382233
2025-03-07 02:10:15.246304,320,240,20,20,7.198125341892592,-0.0021293016616255045,-0.007456046529114246,0.003728023264557123,0.26477953791618347,-9.169217109680176,0.16671304404735565
2025-03-07 02:10:15.276117,320,240,20,20,7.2109503425017465,0.0,-0.011184069328010082,0.0026616270188242197,0.26477953791618347,-9.188830375671387,0.16671304404735565
2025-03-07 02:10:15.309973,320,240,20,20,7.150477839629457,0.0,-0.005859069991856813,-0.0005323254154063761,0.2843928337097168,-9.169217109680176,0.18632633984088898
2025-03-07 02:10:15.345100,320,240,20,20,7.183955341219553,0.0005323254154063761,-0.006923720706254244,0.003728023264557123,0.2843928337097168,-9.169217109680176,0.16671304404735565
2025-03-07 02:10:15.375410,320,240,20,20,7.26773284519877,-0.003728023264557123,-0.004792673978954554,0.0031956976745277643,0.26477953791618347,-9.169217109680176,0.16671304404735565
2025-03-07 02:10:15.411902,320,240,20,20,7.248920344305224,0.0015969761880114675,-0.004792673978954554,0.0021293016616255045,0.26477953791618347,-9.169217109680176,0.16671304404735565
2025-03-07 02:10:15.442728,320,240,20,20,7.1129378378464025,-0.005859069991856813,-0.0015969761880114675,0.0015969761880114675,0.2843928337097168,-9.188830375671387,0.16671304404735565
2025-03-07 02:10:15.477913,320,240,20,20,7.14488033936359,0.0005323254154063761,-0.003728023264557123,0.004260348621755838,0.2843928337097168,-9.169217109680176,0.16671304404735565
2025-03-07 02:10:15.509272,320,240,20,20,7.239290343847824,0.0026616270188242197,-0.0026616270188242197,0.0010646508308127522,0.26477953791618347,-9.169217109680176,0.16671304404735565
2025-03-07 02:10:15.554505,320,240,20,20,7.285280346032232,-0.0010646508308127522,-0.011184069328010082,0.005859069991856813,0.26477953791618347,-9.169217109680176,0.16671304404735565
2025-03-07 02:10:15.598916,320,240,20,20,7.209905342452112,-0.0015969761880114675,-0.004792673978954554,-0.0015969761880114675,0.26477953791618347,-9.149603843688965,0.16671304404735565
2025-03-07 02:10:15.646076,320,240,20,20,7.210642842487141,0.0026616270188242197,-0.004792673978954554,0.0015969761880114675,0.24516624212265015,-9.188830375671387,0.14709974825382233
2025-03-07 02:10:15.683846,320,240,20,20,7.224272843134531,0.0005323254154063761,-0.006923720706254244,0.0021293016616255045,0.2843928337097168,-9.169217109680176,0.14709974825382233
2025-03-07 02:10:15.722842,320,240,20,20,7.268197845220857,-0.0005323254154063761,-0.0010646508308127522,0.0010646508308127522,0.26477953791618347,-9.169217109680176,0.16671304404735565
2025-03-07 02:10:15.759306,320,240,20,20,7.214222842657182,-0.0010646508308127522,-0.006923720706254244,0.0010646508308127522,0.26477953791618347,-9.149603843688965,0.18632633984088898
2025-03-07 02:10:15.791771,320,240,20,20,7.366937849910755,0.0005323254154063761,-0.007988371886312962,0.0,0.26477953791618347,-9.169217109680176,0.16671304404735565
2025-03-07 02:10:15.821864,320,240,20,20,7.225562843195803,0.0021293016616255045,-0.0021293016616255045,0.0010646508308127522,0.26477953791618347,-9.169217109680176,0.16671304404735565
2025-03-07 02:10:15.851501,320,240,20,20,7.2150753426976735,0.0005323254154063761,-0.005859069991856813,0.0005323254154063761,0.26477953791618347,-9.169217109680176,0.18632633984088898
2025-03-07 02:10:15.881396,320,240,20,20,7.274112845501804,0.0005323254154063761,-0.004260348621755838,0.004792673978954554,0.26477953791618347,-9.169217109680176,0.14709974825382233
2025-03-07 02:10:15.911099,320,240,20,20,7.324455347892945,-0.0021293016616255045,-0.005324999336153269,0.003728023264557123,0.26477953791618347,-9.169217109680176,0.16671304404735565
2025-03-07 02:10:15.941727,320,240,20,20,7.313835347388522,-0.003728023264557123,-0.007456046529114246,0.0031956976745277643,0.26477953791618347,-9.169217109680176,0.18632633984088898
2025-03-07 02:10:15.977490,320,240,20,20,7.266725345150917,-0.0015969761880114675,-0.0031956976745277643,0.003728023264557123,0.2843928337097168,-9.169217109680176,0.16671304404735565
2025-03-07 02:10:16.010346,320,240,20,20,7.2562128446516,0.0,-0.0021293016616255045,0.0015969761880114675,0.26477953791618347,-9.188830375671387,0.18632633984088898
2025-03-07 02:10:16.044023,320,240,20,20,7.317890347581124,-0.0026616270188242197,-0.004260348621755838,-0.0021293016616255045,0.26477953791618347,-9.149603843688965,0.16671304404735565
2025-03-07 02:10:16.084318,320,240,20,20,7.295680346526206,0.0010646508308127522,-0.004792673978954554,0.0026616270188242197,0.26477953791618347,-9.188830375671387,0.18632633984088898
2025-03-07 02:10:16.132776,320,240,20,20,7.191240341565572,0.003728023264557123,-0.0031956976745277643,0.0015969761880114675,0.26477953791618347,-9.169217109680176,0.16671304404735565
2025-03-07 02:10:16.177763,320,240,20,20,7.311635347284027,-0.0015969761880114675,-0.009587093256413937,0.0021293016616255045,0.26477953791618347,-9.188830375671387,0.16671304404735565
2025-03-07 02:10:16.218750,320,240,20,20,7.320657847712573,0.0015969761880114675,-0.003728023264557123,0.0021293016616255045,0.26477953791618347,-9.188830375671387,0.16671304404735565
2025-03-07 02:10:16.262631,320,240,20,20,7.308195347120636,-0.0010646508308127522,-0.005859069991856813,0.0005323254154063761,0.26477953791618347,-9.169217109680176,0.16671304404735565
2025-03-07 02:10:16.300905,320,240,20,20,7.211650342534995,0.0005323254154063761,-0.007988371886312962,0.0026616270188242197,0.2843928337097168,-9.169217109680176,0.16671304404735565
2025-03-07 02:10:16.340396,320,240,20,20,7.3848378507609596,0.0,-0.004260348621755838,-0.0010646508308127522,0.26477953791618347,-9.188830375671387,0.18632633984088898
2025-03-07 02:10:16.378330,320,240,20,20,7.099117837189988,-0.0026616270188242197,-0.0031956976745277643,0.0031956976745277643,0.26477953791618347,-9.188830375671387,0.16671304404735565
2025-03-07 02:10:16.421126,320,240,20,20,7.280162845789164,-0.0015969761880114675,-0.005324999336153269,0.0021293016616255045,0.2843928337097168,-9.169217109680176,0.18632633984088898
2025-03-07 02:10:16.460542,320,240,20,20,7.107232837575429,0.0005323254154063761,-0.003728023264557123,0.0010646508308127522,0.2843928337097168,-9.169217109680176,0.14709974825382233
2025-03-07 02:10:16.498955,320,240,20,20,7.294610346475383,-0.0005323254154063761,-0.005324999336153269,0.0015969761880114675,0.24516624212265015,-9.188830375671387,0.16671304404735565
2025-03-07 02:10:16.538974,320,240,20,20,7.308332847127167,0.0026616270188242197,-0.004792673978954554,-0.0005323254154063761,0.26477953791618347,-9.169217109680176,0.16671304404735565
2025-03-07 02:10:16.573249,320,240,20,20,7.2708978453491,-0.0005323254154063761,-0.007988371886312962,-0.0015969761880114675,0.26477953791618347,-9.169217109680176,0.14709974825382233
2025-03-07 02:10:16.610661,320,240,20,20,7.204185342180426,-0.0010646508308127522,-0.005859069991856813,0.0031956976745277643,0.26477953791618347,-9.169217109680176,0.16671304404735565
2025-03-07 02:10:16.648232,320,240,20,20,7.224270343134412,-0.0026616270188242197,-0.005324999336153269,0.004792673978954554,0.26477953791618347,-9.188830375671387,0.14709974825382233
2025-03-07 02:10:16.688054,320,240,20,20,7.258615344765713,-0.0021293016616255045,-0.004260348621755838,0.0005323254154063761,0.26477953791618347,-9.169217109680176,0.16671304404735565
2025-03-07 02:10:16.729362,320,240,20,20,7.180550341057824,-0.0031956976745277643,-0.006923720706254244,-0.0005323254154063761,0.26477953791618347,-9.188830375671387,0.16671304404735565
2025-03-07 02:10:16.771521,320,240,20,20,7.3398253486229805,-0.0031956976745277643,-0.0026616270188242197,0.005324999336153269,0.26477953791618347,-9.169217109680176,0.14709974825382233
2025-03-07 02:10:16.812139,320,240,20,20,7.2795128457582905,-0.004260348621755838,-0.0031956976745277643,-0.0015969761880114675,0.26477953791618347,-9.169217109680176,0.18632633984088898
2025-03-07 02:10:16.849587,320,240,20,20,7.257177844697435,-0.003728023264557123,-0.005324999336153269,0.005324999336153269,0.26477953791618347,-9.169217109680176,0.16671304404735565
2025-03-07 02:10:16.888646,320,240,20,20,7.232497843525198,-0.0015969761880114675,-0.006391395349055529,0.004792673978954554,0.26477953791618347,-9.169217109680176,0.14709974825382233
2025-03-07 02:10:16.922599,320,240,20,20,7.204215342181851,-0.0021293016616255045,-0.006923720706254244,-0.003728023264557123,0.26477953791618347,-9.188830375671387,0.16671304404735565
2025-03-07 02:10:16.953323,320,240,20,20,7.22813534331799,-0.0031956976745277643,-0.006391395349055529,0.0015969761880114675,0.2843928337097168,-9.169217109680176,0.16671304404735565
2025-03-07 02:10:16.983377,320,240,20,20,7.191207841564028,-0.0021293016616255045,-0.007988371886312962,0.0005323254154063761,0.26477953791618347,-9.169217109680176,0.16671304404735565
2025-03-07 02:10:17.013082,320,240,20,20,7.23223534351273,-0.004260348621755838,-0.005324999336153269,0.0005323254154063761,0.26477953791618347,-9.188830375671387,0.16671304404735565
2025-03-07 02:10:17.043166,320,240,20,20,7.218140342843253,-0.0026616270188242197,-0.004792673978954554,0.0026616270188242197,0.26477953791618347,-9.169217109680176,0.18632633984088898
2025-03-07 02:10:17.080790,320,240,20,20,7.213732842633908,-0.0015969761880114675,-0.003728023264557123,0.0005323254154063761,0.26477953791618347,-9.169217109680176,0.18632633984088898
2025-03-07 02:10:17.119220,320,240,20,20,7.2661628451241995,-0.003728023264557123,-0.005859069991856813,0.004260348621755838,0.2843928337097168,-9.188830375671387,0.16671304404735565
2025-03-07 02:10:17.159917,320,240,20,20,7.279187845742854,-0.004260348621755838,-0.004792673978954554,0.0031956976745277643,0.26477953791618347,-9.169217109680176,0.14709974825382233
2025-03-07 02:10:17.198811,320,240,20,20,7.208707842395233,0.0,-0.003728023264557123,0.004260348621755838,0.26477953791618347,-9.188830375671387,0.16671304404735565
2025-03-07 02:10:17.238974,320,240,20,20,7.185020341270137,-0.0010646508308127522,-0.007988371886312962,-0.0015969761880114675,0.26477953791618347,-9.188830375671387,0.16671304404735565
2025-03-07 02:10:17.278174,320,240,20,20,7.301942846823659,-0.004792673978954554,-0.004260348621755838,0.0005323254154063761,0.26477953791618347,-9.169217109680176,0.18632633984088898
2025-03-07 02:10:17.316532,320,240,20,20,7.2433678440414955,-0.0026616270188242197,-0.005859069991856813,-0.0005323254154063761,0.2843928337097168,-9.188830375671387,0.16671304404735565
2025-03-07 02:10:17.350842,320,240,20,20,7.267587845191883,0.0031956976745277643,-0.005324999336153269,0.0031956976745277643,0.26477953791618347,-9.188830375671387,0.16671304404735565
2025-03-07 02:10:17.381737,320,240,20,20,7.35037284912396,-0.003728023264557123,-0.008520697243511677,0.0026616270188242197,0.26477953791618347,-9.169217109680176,0.16671304404735565
2025-03-07 02:10:17.411718,320,240,20,20,7.202135342083056,-0.004260348621755838,-0.006923720706254244,0.0015969761880114675,0.2843928337097168,-9.169217109680176,0.18632633984088898
2025-03-07 02:10:17.442967,320,240,20,20,7.2258953432115955,0.0026616270188242197,-0.004792673978954554,0.0,0.26477953791618347,-9.169217109680176,0.16671304404735565
2025-03-07 02:10:17.477731,320,240,20,20,7.294122846452228,-0.0021293016616255045,-0.007456046529114246,0.0010646508308127522,0.26477953791618347,-9.188830375671387,0.16671304404735565
2025-03-07 02:10:17.511246,320,240,20,20,7.164335340287653,0.0015969761880114675,-0.005859069991856813,0.0026616270188242197,0.26477953791618347,-9.169217109680176,0.16671304404735565
2025-03-07 02:10:17.544694,320,240,20,20,7.2670928451683725,0.0,-0.0026616270188242197,0.0010646508308127522,0.26477953791618347,-9.169217109680176,0.16671304404735565
2025-03-07 02:10:17.578241,320,240,20,20,7.241235343940207,-0.007456046529114246,-0.009054767899215221,0.0,0.26477953791618347,-9.169217109680176,0.16671304404735565
2025-03-07 02:10:17.610931,320,240,20,20,7.228295343325589,0.0010646508308127522,-0.003728023264557123,0.0021293016616255045,0.26477953791618347,-9.169217109680176,0.14709974825382233
2025-03-07 02:10:17.645760,320,240,20,20,7.32201784777717,-0.0010646508308127522,-0.0021293016616255045,0.0021293016616255045,0.26477953791618347,-9.169217109680176,0.18632633984088898
2025-03-07 02:10:17.677391,320,240,20,20,7.244107844076643,-0.003728023264557123,-0.008520697243511677,0.0015969761880114675,0.26477953791618347,-9.188830375671387,0.16671304404735565
2025-03-07 02:10:17.711504,320,240,20,20,7.270467845328676,0.0005323254154063761,-0.007456046529114246,0.003728023264557123,0.2843928337097168,-9.169217109680176,0.16671304404735565
2025-03-07 02:10:17.744269,320,240,20,20,7.231670343485893,0.0021293016616255045,-0.007988371886312962,0.0,0.26477953791618347,-9.188830375671387,0.14709974825382233
2025-03-07 02:10:17.777563,320,240,20,20,7.182735341161606,-0.0021293016616255045,-0.003728023264557123,0.0,0.26477953791618347,-9.169217109680176,0.16671304404735565
2025-03-07 02:10:17.811941,320,240,20,20,7.164682840304158,-0.0005323254154063761,-0.003728023264557123,0.005859069991856813,0.26477953791618347,-9.188830375671387,0.16671304404735565
2025-03-07 02:10:17.844221,320,240,20,20,7.326160347973928,-0.0031956976745277643,-0.007456046529114246,-0.0005323254154063761,0.26477953791618347,-9.169217109680176,0.18632633984088898
2025-03-07 02:10:17.878173,320,240,20,20,7.172095340656233,0.0005323254154063761,-0.006923720706254244,0.0015969761880114675,0.26477953791618347,-9.169217109680176,0.14709974825382233
2025-03-07 02:10:17.910618,320,240,20,20,7.268775345248287,-0.004260348621755838,-0.004792673978954554,-0.0010646508308127522,0.26477953791618347,-9.188830375671387,0.18632633984088898
2025-03-07 02:10:17.944391,320,240,20,20,7.1438053393125305,-0.0026616270188242197,-0.005324999336153269,0.003728023264557123,0.26477953791618347,-9.169217109680176,0.16671304404735565
2025-03-07 02:10:17.985082,320,240,20,20,7.279935345778358,-0.0010646508308127522,-0.006391395349055529,0.0021293016616255045,0.26477953791618347,-9.169217109680176,0.16671304404735565
2025-03-07 02:10:18.022116,320,240,20,20,7.15425283980876,-0.0010646508308127522,-0.003728023264557123,0.0021293016616255045,0.26477953791618347,-9.169217109680176,0.14709974825382233
2025-03-07 02:10:18.060228,320,240,20,20,7.203290342137916,0.0005323254154063761,-0.006391395349055529,-0.0010646508308127522,0.26477953791618347,-9.169217109680176,0.16671304404735565
2025-03-07 02:10:18.098464,320,240,20,20,7.210985342503409,0.0,-0.006391395349055529,-0.0015969761880114675,0.2843928337097168,-9.169217109680176,0.16671304404735565
2025-03-07 02:10:18.137841,320,240,20,20,7.1030053373746345,-0.0031956976745277643,-0.004792673978954554,0.0010646508308127522,0.26477953791618347,-9.169217109680176,0.18632633984088898
2025-03-07 02:10:18.175396,320,240,20,20,7.351077849157446,-0.0010646508308127522,-0.004792673978954554,0.004792673978954554,0.24516624212265015,-9.169217109680176,0.16671304404735565
2025-03-07 02:10:18.207111,320,240,20,20,7.2943703464639835,0.0005323254154063761,-0.004792673978954554,0.003728023264557123,0.26477953791618347,-9.169217109680176,0.16671304404735565
2025-03-07 02:10:18.236904,320,240,20,20,7.228655343342689,0.0,-0.006391395349055529,0.0,0.26477953791618347,-9.169217109680176,0.18632633984088898
2025-03-07 02:10:18.266816,320,240,20,20,7.199370341951726,-0.0010646508308127522,-0.005859069991856813,0.0015969761880114675,0.26477953791618347,-9.169217109680176,0.14709974825382233
2025-03-07 02:10:18.306521,320,240,20,20,7.320470347703667,-0.0026616270188242197,-0.004260348621755838,0.004792673978954554,0.26477953791618347,-9.169217109680176,0.16671304404735565
2025-03-07 02:10:18.345350,320,240,20,20,7.258597844764881,-0.0015969761880114675,-0.005859069991856813,0.0031956976745277643,0.26477953791618347,-9.169217109680176,0.14709974825382233
