2025-03-07 02:15:19.141963,320,240,20,20,0.7319675347665907,-0.0021293016616255045,-0.0010646508308127522,0.0015969761880114675,0.2843928337097168,-9.169217109680176,0.2059396505355835
2025-03-07 02:15:19.179874,320,240,20,20,5.836802777233243,-0.003728023264557123,-0.005859069991856813,0.003728023264557123,0.26477953791618347,-9.188830375671387,0.2059396505355835
2025-03-07 02:15:19.213561,320,240,20,20,5.862305278444547,-0.004260348621755838,-0.008520697243511677,0.0015969761880114675,0.2843928337097168,-9.169217109680176,0.08825984597206116
2025-03-07 02:15:19.244895,320,240,20,20,5.901545280308346,-0.0005323254154063761,-0.010119418613612652,0.0026616270188242197,0.2843928337097168,-9.169217109680176,0.009806649759411812
2025-03-07 02:15:19.276063,320,240,20,20,5.886387779588404,0.0010646508308127522,-0.007456046529114246,-0.0005323254154063761,0.2843928337097168,-9.169217109680176,0.029419949278235435
2025-03-07 02:15:19.308426,320,240,20,20,5.901760280318558,0.0,-0.003728023264557123,-0.0005323254154063761,0.2843928337097168,-9.169217109680176,0.127486452460289
2025-03-07 02:15:19.355076,320,240,20,20,5.879377779255447,-0.0010646508308127522,-0.0015969761880114675,-0.0010646508308127522,0.2843928337097168,-9.188830375671387,0.2059396505355835
2025-03-07 02:15:19.390974,320,240,20,20,5.875297779061657,-0.005324999336153269,-0.005324999336153269,0.005859069991856813,0.2843928337097168,-9.169217109680176,0.08825984597206116
2025-03-07 02:15:19.421992,320,240,20,20,5.876045279097161,0.0010646508308127522,0.0005323254154063761,-0.0005323254154063761,0.2843928337097168,-9.169217109680176,0.009806649759411812
2025-03-07 02:15:19.452059,320,240,20,20,5.888595279693254,0.003728023264557123,-0.004792673978954554,0.004792673978954554,0.2843928337097168,-9.169217109680176,0.009806649759411812
2025-03-07 02:15:19.490709,320,240,20,20,5.886140279576648,0.004792673978954554,-0.0021293016616255045,0.0010646508308127522,0.3040061295032501,-9.188830375671387,0.10787314921617508
2025-03-07 02:15:19.528108,320,240,20,20,5.883562779454223,0.0015969761880114675,-0.007456046529114246,-0.0010646508308127522,0.2843928337097168,-9.188830375671387,0.2059396505355835
2025-03-07 02:15:19.566005,320,240,20,20,5.899007780187821,-0.008520697243511677,-0.006923720706254244,0.0021293016616255045,0.2843928337097168,-9.169217109680176,0.16671304404735565
2025-03-07 02:15:19.599683,320,240,20,20,5.889032779714034,-0.004260348621755838,-0.005324999336153269,-0.0005323254154063761,0.2843928337097168,-9.169217109680176,0.06864655017852783
2025-03-07 02:15:19.638496,320,240,20,20,5.827705276801135,0.0010646508308127522,-0.005324999336153269,0.0026616270188242197,0.2843928337097168,-9.169217109680176,0.009806649759411812
2025-03-07 02:15:19.683107,320,240,20,20,5.931615281736595,0.0026616270188242197,-0.009054767899215221,0.0010646508308127522,0.2843928337097168,-9.169217109680176,0.029419949278235435
2025-03-07 02:15:19.722210,320,240,20,20,5.845937777667132,0.0,-0.007988371886312962,0.0,0.2843928337097168,-9.169217109680176,0.127486452460289
2025-03-07 02:15:19.759877,320,240,20,20,5.876032779096567,-0.0015969761880114675,-0.008520697243511677,-0.0005323254154063761,0.26477953791618347,-9.188830375671387,0.16671304404735565
2025-03-07 02:15:19.810676,320,240,20,20,5.884657779506233,-0.0031956976745277643,-0.007456046529114246,0.0015969761880114675,0.2843928337097168,-9.169217109680176,0.08825984597206116
2025-03-07 02:15:19.865139,320,240,20,20,5.85429777806421,-0.0015969761880114675,-0.007988371886312962,0.0021293016616255045,0.3040061295032501,-9.169217109680176,0.009806649759411812
2025-03-07 02:15:19.917364,320,240,20,20,5.84433027759078,0.0021293016616255045,-0.0015969761880114675,0.0005323254154063761,0.2843928337097168,-9.188830375671387,0.14709974825382233
2025-03-07 02:15:19.950548,320,240,20,20,5.830802776948258,-0.0031956976745277643,-0.0031956976745277643,0.0,0.2843928337097168,-9.169217109680176,0.2059396505355835
2025-03-07 02:15:19.980509,320,240,20,20,5.880552779311256,-0.0026616270188242197,-0.003728023264557123,-0.0021293016616255045,0.2843928337097168,-9.188830375671387,0.16671304404735565
2025-03-07 02:15:20.025243,320,240,20,20,5.829640276893042,-0.0026616270188242197,-0.004792673978954554,0.0015969761880114675,0.2843928337097168,-9.169217109680176,0.08825984597206116
2025-03-07 02:15:20.068150,320,240,20,20,5.889272779725434,0.0026616270188242197,-0.007456046529114246,0.0026616270188242197,0.2843928337097168,-9.169217109680176,0.029419949278235435
2025-03-07 02:15:20.105668,320,240,20,20,5.898382780158135,0.0021293016616255045,-0.003728023264557123,-0.0015969761880114675,0.2843928337097168,-9.188830375671387,0.14709974825382233
2025-03-07 02:15:20.144507,320,240,20,20,5.907822780606511,-0.004260348621755838,-0.0026616270188242197,0.0005323254154063761,0.2843928337097168,-9.169217109680176,0.18632633984088898
2025-03-07 02:15:20.183490,320,240,20,20,5.833870277093956,-0.0010646508308127522,-0.007988371886312962,-0.0031956976745277643,0.3040061295032501,-9.169217109680176,0.18632633984088898
2025-03-07 02:15:20.220471,320,240,20,20,5.86814777872205,-0.0005323254154063761,-0.007988371886312962,0.0031956976745277643,0.3040061295032501,-9.169217109680176,0.08825984597206116
2025-03-07 02:15:20.259741,320,240,20,20,5.918607781118771,-0.0010646508308127522,-0.0031956976745277643,-0.0010646508308127522,0.3040061295032501,-9.169217109680176,0.009806649759411812
2025-03-07 02:15:20.319446,320,240,20,20,5.884560279501602,0.004792673978954554,-0.0021293016616255045,0.0031956976745277643,0.2843928337097168,-9.169217109680176,0.16671304404735565
2025-03-07 02:15:20.363967,320,240,20,20,5.899092780191859,-0.0015969761880114675,-0.008520697243511677,-0.0015969761880114675,0.2843928337097168,-9.188830375671387,0.18632633984088898
2025-03-07 02:15:20.396214,320,240,20,20,5.880597779313393,-0.0031956976745277643,-0.005324999336153269,-0.003728023264557123,0.2843928337097168,-9.169217109680176,0.06864655017852783
2025-03-07 02:15:20.449275,320,240,20,20,5.89445527997159,-0.0005323254154063761,-0.004792673978954554,-0.0010646508308127522,0.2843928337097168,-9.188830375671387,0.009806649759411812
2025-03-07 02:15:20.502016,320,240,20,20,5.8835577794539855,-0.0010646508308127522,-0.007988371886312962,0.0026616270188242197,0.2843928337097168,-9.169217109680176,0.04903324693441391
2025-03-07 02:15:20.562201,320,240,20,20,5.881705279365997,-0.004792673978954554,-0.005324999336153269,0.0021293016616255045,0.2843928337097168,-9.169217109680176,0.2059396505355835
2025-03-07 02:15:20.622596,320,240,20,20,5.891670279839309,-0.003728023264557123,-0.0031956976745277643,-0.0010646508308127522,0.2843928337097168,-9.169217109680176,0.029419949278235435
2025-03-07 02:15:20.682328,320,240,20,20,5.871575278884848,0.005859069991856813,-0.006923720706254244,0.004792673978954554,0.2843928337097168,-9.169217109680176,0.06864655017852783
2025-03-07 02:15:20.742350,320,240,20,20,5.901227780293266,-0.0010646508308127522,-0.006923720706254244,-0.0015969761880114675,0.2843928337097168,-9.169217109680176,0.14709974825382233
2025-03-07 02:15:20.803312,320,240,20,20,5.87774027917767,0.0005323254154063761,-0.006923720706254244,0.0021293016616255045,0.2843928337097168,-9.169217109680176,0.14709974825382233
2025-03-07 02:15:20.864382,320,240,20,20,5.896892780087365,0.0021293016616255045,-0.005324999336153269,0.0026616270188242197,0.26477953791618347,-9.169217109680176,0.029419949278235435
2025-03-07 02:15:20.925753,320,240,20,20,5.847585277745384,0.0021293016616255045,-0.0031956976745277643,0.003728023264557123,0.2843928337097168,-9.169217109680176,0.14709974825382233
2025-03-07 02:15:20.988246,320,240,20,20,5.823390276596183,-0.003728023264557123,-0.003728023264557123,0.0021293016616255045,0.2843928337097168,-9.188830375671387,0.10787314921617508
2025-03-07 02:15:21.046130,320,240,20,20,5.859080278291367,0.0,-0.006923720706254244,-0.0005323254154063761,0.3040061295032501,-9.169217109680176,0.04903324693441391
2025-03-07 02:15:21.086581,320,240,20,20,5.860462778357032,0.003728023264557123,-0.0026616270188242197,0.0021293016616255045,0.2843928337097168,-9.169217109680176,0.08825984597206116
2025-03-07 02:15:21.118314,320,240,20,20,5.878902779232885,-0.0005323254154063761,-0.004260348621755838,0.0,0.3040061295032501,-9.169217109680176,0.16671304404735565
2025-03-07 02:15:21.170974,320,240,20,20,5.829637776892923,0.0005323254154063761,-0.004260348621755838,0.0021293016616255045,0.2843928337097168,-9.169217109680176,0.18632633984088898
2025-03-07 02:15:21.226017,320,240,20,20,5.863035278479219,-0.0031956976745277643,-0.004792673978954554,0.004260348621755838,0.2843928337097168,-9.169217109680176,0.06864655017852783
2025-03-07 02:15:21.274315,320,240,20,20,5.893335279918392,0.0005323254154063761,-0.004260348621755838,0.0031956976745277643,0.2843928337097168,-9.169217109680176,0.08825984597206116
2025-03-07 02:15:21.318138,320,240,20,20,5.882967779425963,-0.0010646508308127522,-0.007988371886312962,0.0005323254154063761,0.2843928337097168,-9.169217109680176,0.18632633984088898
2025-03-07 02:15:21.356950,320,240,20,20,5.911782780794601,0.0015969761880114675,-0.006391395349055529,0.0031956976745277643,0.2843928337097168,-9.169217109680176,0.16671304404735565
2025-03-07 02:15:21.397377,320,240,20,20,5.909265280675027,-0.0021293016616255045,-0.004792673978954554,0.0,0.3040061295032501,-9.188830375671387,0.10787314921617508
2025-03-07 02:15:21.439290,320,240,20,20,5.869667778794247,-0.0021293016616255045,-0.005324999336153269,-0.0005323254154063761,0.2843928337097168,-9.169217109680176,0.04903324693441391
2025-03-07 02:15:21.481405,320,240,20,20,5.897005280092708,0.0,-0.005859069991856813,0.0031956976745277643,0.26477953791618347,-9.169217109680176,0.10787314921617508
2025-03-07 02:15:21.521604,320,240,20,20,5.872632778935076,0.0010646508308127522,-0.010651743970811367,0.0026616270188242197,0.2843928337097168,-9.169217109680176,0.16671304404735565
2025-03-07 02:15:21.560903,320,240,20,20,5.872715278938995,-0.0010646508308127522,-0.004260348621755838,0.0015969761880114675,0.2843928337097168,-9.169217109680176,0.18632633984088898
2025-03-07 02:15:21.600056,320,240,20,20,5.8848402795149015,-0.004792673978954554,-0.005859069991856813,0.0021293016616255045,0.2843928337097168,-9.169217109680176,0.08825984597206116
2025-03-07 02:15:21.637920,320,240,20,20,5.875920279091224,0.0010646508308127522,-0.005859069991856813,0.0005323254154063761,0.3040061295032501,-9.169217109680176,0.04903324693441391
2025-03-07 02:15:21.680917,320,240,20,20,5.886405279589235,0.0005323254154063761,-0.006391395349055529,0.0026616270188242197,0.2843928337097168,-9.169217109680176,0.127486452460289
2025-03-07 02:15:21.720368,320,240,20,20,5.885130279528676,0.004792673978954554,-0.005324999336153269,-0.0005323254154063761,0.2843928337097168,-9.169217109680176,0.18632633984088898
2025-03-07 02:15:21.756258,320,240,20,20,5.827245276779285,-0.004792673978954554,-0.0031956976745277643,0.0015969761880114675,0.3040061295032501,-9.149603843688965,0.16671304404735565
2025-03-07 02:15:21.794417,320,240,20,20,5.854350278066704,-0.007456046529114246,-0.006391395349055529,0.0015969761880114675,0.3040061295032501,-9.208444595336914,0.10787314921617508
2025-03-07 02:15:21.834764,320,240,20,20,5.915050280949799,0.0005323254154063761,-0.0021293016616255045,0.0026616270188242197,0.2843928337097168,-9.169217109680176,0.04903324693441391
2025-03-07 02:15:21.872196,320,240,20,20,5.9196577811686435,-0.0005323254154063761,-0.011718139983713627,0.0026616270188242197,0.3040061295032501,-9.169217109680176,0.10787314921617508
2025-03-07 02:15:21.910296,320,240,20,20,5.868717778749124,0.003728023264557123,-0.004260348621755838,0.0,0.2843928337097168,-9.188830375671387,0.14709974825382233
2025-03-07 02:15:21.948682,320,240,20,20,5.874987779046933,-0.0010646508308127522,-0.005324999336153269,0.0010646508308127522,0.2843928337097168,-9.169217109680176,0.16671304404735565
2025-03-07 02:15:21.987898,320,240,20,20,5.876262779107492,-0.005859069991856813,-0.008520697243511677,0.0010646508308127522,0.3040061295032501,-9.169217109680176,0.127486452460289
2025-03-07 02:15:22.024525,320,240,20,20,5.882922779423825,-0.0031956976745277643,-0.004792673978954554,0.0,0.2843928337097168,-9.169217109680176,0.04903324693441391
2025-03-07 02:15:22.060349,320,240,20,20,5.895820280036423,0.0010646508308127522,-0.009054767899215221,0.0010646508308127522,0.2843928337097168,-9.169217109680176,0.04903324693441391
2025-03-07 02:15:22.092877,320,240,20,20,5.899340280203615,-0.0005323254154063761,-0.0015969761880114675,0.005324999336153269,0.2843928337097168,-9.188830375671387,0.18632633984088898
2025-03-07 02:15:22.122252,320,240,20,20,5.845925277666538,-0.004792673978954554,-0.005324999336153269,0.0031956976745277643,0.2843928337097168,-9.188830375671387,0.14709974825382233
2025-03-07 02:15:22.158762,320,240,20,20,5.882597779408388,-0.0031956976745277643,-0.004260348621755838,0.005859069991856813,0.2843928337097168,-9.169217109680176,0.08825984597206116
2025-03-07 02:15:22.189288,320,240,20,20,5.851130277913763,-0.0021293016616255045,-0.006391395349055529,0.0021293016616255045,0.2843928337097168,-9.169217109680176,0.06864655017852783
2025-03-07 02:15:22.224146,320,240,20,20,5.868760278751142,0.0015969761880114675,-0.004260348621755838,0.0026616270188242197,0.3040061295032501,-9.188830375671387,0.06864655017852783
2025-03-07 02:15:22.255927,320,240,20,20,5.914482780922844,0.0010646508308127522,-0.006391395349055529,0.005859069991856813,0.3040061295032501,-9.169217109680176,0.08825984597206116
2025-03-07 02:15:22.293597,320,240,20,20,5.917047781044675,0.0026616270188242197,-0.005859069991856813,0.0005323254154063761,0.2843928337097168,-9.188830375671387,0.18632633984088898
2025-03-07 02:15:22.323622,320,240,20,20,5.829122776868462,-0.007988371886312962,-0.005859069991856813,-0.0015969761880114675,0.2843928337097168,-9.188830375671387,0.16671304404735565
2025-03-07 02:15:22.357464,320,240,20,20,5.903762780413672,-0.0026616270188242197,-0.005324999336153269,0.005324999336153269,0.2843928337097168,-9.169217109680176,0.08825984597206116
2025-03-07 02:15:22.391056,320,240,20,20,5.911087780761591,0.0,-0.008520697243511677,0.0010646508308127522,0.2843928337097168,-9.169217109680176,0.029419949278235435
2025-03-07 02:15:22.423969,320,240,20,20,5.924030281376327,-0.0005323254154063761,-0.004792673978954554,0.006391395349055529,0.2843928337097168,-9.169217109680176,0.06864655017852783
2025-03-07 02:15:22.480470,320,240,20,20,5.90872028064914,0.003728023264557123,-0.007456046529114246,0.0021293016616255045,0.2843928337097168,-9.169217109680176,0.127486452460289
2025-03-07 02:15:22.538689,320,240,20,20,5.8976577801237,0.0,-0.009587093256413937,0.0005323254154063761,0.2843928337097168,-9.188830375671387,0.16671304404735565
2025-03-07 02:15:22.582470,320,240,20,20,5.902632780359999,-0.0031956976745277643,-0.008520697243511677,0.0026616270188242197,0.2843928337097168,-9.188830375671387,0.10787314921617508
2025-03-07 02:15:22.628607,320,240,20,20,5.929290281626163,-0.0015969761880114675,-0.005324999336153269,0.006391395349055529,0.2843928337097168,-9.169217109680176,0.04903324693441391
2025-03-07 02:15:22.674869,320,240,20,20,5.84050777740922,0.004792673978954554,-0.007988371886312962,0.0005323254154063761,0.2843928337097168,-9.169217109680176,0.10787314921617508
2025-03-07 02:15:22.714848,320,240,20,20,5.911922780801251,-0.0026616270188242197,-0.007456046529114246,0.0026616270188242197,0.26477953791618347,-9.188830375671387,0.16671304404735565
2025-03-07 02:15:22.753102,320,240,20,20,5.871885278899572,-0.005324999336153269,-0.009054767899215221,-0.0005323254154063761,0.2843928337097168,-9.188830375671387,0.127486452460289
2025-03-07 02:15:22.789180,320,240,20,20,5.848952777810337,-0.0010646508308127522,-0.0026616270188242197,0.0,0.2843928337097168,-9.169217109680176,0.08825984597206116
2025-03-07 02:15:22.824752,320,240,20,20,5.915242780958943,-0.005324999336153269,-0.009587093256413937,0.0010646508308127522,0.2843928337097168,-9.169217109680176,0.04903324693441391
2025-03-07 02:15:22.862039,320,240,20,20,5.85559277812572,-0.0015969761880114675,-0.004792673978954554,0.0005323254154063761,0.2843928337097168,-9.188830375671387,0.08825984597206116
2025-03-07 02:15:22.900453,320,240,20,20,5.919975281183724,-0.0026616270188242197,-0.009054767899215221,0.0021293016616255045,0.2843928337097168,-9.169217109680176,0.16671304404735565
2025-03-07 02:15:22.938228,320,240,20,20,5.856230278156,-0.006391395349055529,-0.007988371886312962,0.0015969761880114675,0.2843928337097168,-9.149603843688965,0.14709974825382233
2025-03-07 02:15:22.970972,320,240,20,20,5.863020278478507,-0.004260348621755838,-0.0031956976745277643,0.0026616270188242197,0.3040061295032501,-9.188830375671387,0.10787314921617508
2025-03-07 02:15:23.000930,320,240,20,20,5.889032779714034,-0.0031956976745277643,-0.0031956976745277643,0.0026616270188242197,0.2843928337097168,-9.169217109680176,0.04903324693441391
2025-03-07 02:15:23.038090,320,240,20,20,5.887307779632101,0.0015969761880114675,-0.011184069328010082,0.0010646508308127522,0.2843928337097168,-9.169217109680176,0.06864655017852783
2025-03-07 02:15:23.075277,320,240,20,20,5.894580279977527,-0.0021293016616255045,-0.007456046529114246,0.003728023264557123,0.3040061295032501,-9.188830375671387,0.14709974825382233
2025-03-07 02:15:23.113151,320,240,20,20,5.842217777490442,-0.003728023264557123,-0.004792673978954554,0.0010646508308127522,0.2843928337097168,-9.169217109680176,0.16671304404735565
2025-03-07 02:15:23.149604,320,240,20,20,5.845900277665351,-0.007456046529114246,-0.007988371886312962,0.0005323254154063761,0.2843928337097168,-9.169217109680176,0.10787314921617508
2025-03-07 02:15:23.183142,320,240,20,20,5.907135280573857,-0.0010646508308127522,-0.003728023264557123,0.0015969761880114675,0.2843928337097168,-9.169217109680176,0.08825984597206116
2025-03-07 02:15:23.212937,320,240,20,20,5.89620528005471,-0.0026616270188242197,-0.0031956976745277643,0.0005323254154063761,0.3040061295032501,-9.188830375671387,0.04903324693441391
2025-03-07 02:15:23.242212,320,240,20,20,5.890845279800123,-0.0021293016616255045,-0.009054767899215221,0.0005323254154063761,0.2843928337097168,-9.169217109680176,0.06864655017852783
2025-03-07 02:15:23.271658,320,240,20,20,5.919402781156532,0.0005323254154063761,-0.004260348621755838,0.0005323254154063761,0.2843928337097168,-9.169217109680176,0.127486452460289
2025-03-07 02:15:23.300653,320,240,20,20,5.898152780147211,-0.0021293016616255045,-0.007988371886312962,0.0010646508308127522,0.2843928337097168,-9.169217109680176,0.16671304404735565
2025-03-07 02:15:23.329573,320,240,20,20,5.886000279569998,0.0,-0.004260348621755838,0.0010646508308127522,0.2843928337097168,-9.188830375671387,0.16671304404735565
2025-03-07 02:15:23.358787,320,240,20,20,5.847172777725791,-0.005324999336153269,-0.005324999336153269,0.0015969761880114675,0.3040061295032501,-9.169217109680176,0.08825984597206116
2025-03-07 02:15:23.389045,320,240,20,20,5.871120278863236,-0.0015969761880114675,-0.008520697243511677,0.0015969761880114675,0.2843928337097168,-9.169217109680176,0.06864655017852783
2025-03-07 02:15:23.426504,320,240,20,20,5.895377780015406,0.0005323254154063761,-0.006391395349055529,-0.0010646508308127522,0.2843928337097168,-9.169217109680176,0.08825984597206116
2025-03-07 02:15:23.456768,320,240,20,20,5.892057779857714,0.0,-0.006923720706254244,0.0010646508308127522,0.2843928337097168,-9.169217109680176,0.14709974825382233
2025-03-07 02:15:23.501558,320,240,20,20,5.883452779448999,0.0,-0.006391395349055529,0.004792673978954554,0.2843928337097168,-9.188830375671387,0.16671304404735565
2025-03-07 02:15:23.543716,320,240,20,20,5.880510279309237,-0.003728023264557123,-0.0031956976745277643,0.0005323254154063761,0.2843928337097168,-9.169217109680176,0.127486452460289
2025-03-07 02:15:23.586064,320,240,20,20,5.8573027782069405,-0.0010646508308127522,-0.010119418613612652,0.0005323254154063761,0.2843928337097168,-9.169217109680176,0.08825984597206116
2025-03-07 02:15:23.631620,320,240,20,20,5.870412778829632,-0.0026616270188242197,-0.005859069991856813,0.0021293016616255045,0.3040061295032501,-9.149603843688965,0.04903324693441391
2025-03-07 02:15:23.673742,320,240,20,20,5.912550280831056,-0.0015969761880114675,-0.0026616270188242197,0.0015969761880114675,0.2843928337097168,-9.169217109680176,0.14709974825382233
2025-03-07 02:15:23.712554,320,240,20,20,5.8144202761701305,-0.0031956976745277643,0.0010646508308127522,0.0,0.3040061295032501,-9.188830375671387,0.16671304404735565
2025-03-07 02:15:23.748264,320,240,20,20,5.901760280318558,-0.0010646508308127522,-0.003728023264557123,0.005324999336153269,0.2843928337097168,-9.169217109680176,0.127486452460289
2025-03-07 02:15:23.785654,320,240,20,20,5.916212781005015,-0.005324999336153269,-0.006391395349055529,0.0021293016616255045,0.2843928337097168,-9.188830375671387,0.06864655017852783
2025-03-07 02:15:23.828373,320,240,20,20,5.948257782527071,-0.0026616270188242197,-0.003728023264557123,0.0026616270188242197,0.2843928337097168,-9.169217109680176,0.06864655017852783
2025-03-07 02:15:23.866099,320,240,20,20,5.943407782296708,-0.0021293016616255045,-0.004260348621755838,0.0026616270188242197,0.2843928337097168,-9.169217109680176,0.14709974825382233
2025-03-07 02:15:23.903410,320,240,20,20,5.9287477816003955,0.0005323254154063761,-0.010119418613612652,0.0,0.2843928337097168,-9.169217109680176,0.14709974825382233
2025-03-07 02:15:23.940318,320,240,20,20,5.908717780649022,-0.0015969761880114675,-0.005859069991856813,0.0031956976745277643,0.2843928337097168,-9.169217109680176,0.127486452460289
2025-03-07 02:15:23.978890,320,240,20,20,5.880280279298313,-0.003728023264557123,-0.005859069991856813,0.0031956976745277643,0.2843928337097168,-9.169217109680176,0.06864655017852783
2025-03-07 02:15:24.016687,320,240,20,20,5.904835280464613,0.0005323254154063761,-0.005324999336153269,0.0021293016616255045,0.2843928337097168,-9.188830375671387,0.06864655017852783
2025-03-07 02:15:24.053853,320,240,20,20,5.860157778342545,0.003728023264557123,-0.0021293016616255045,-0.0031956976745277643,0.2843928337097168,-9.169217109680176,0.06864655017852783
2025-03-07 02:15:24.090116,320,240,20,20,5.893362779919698,-0.004260348621755838,-0.006923720706254244,0.003728023264557123,0.2843928337097168,-9.188830375671387,0.127486452460289
2025-03-07 02:15:24.126191,320,240,20,20,5.871022778858605,-0.0010646508308127522,-0.0021293016616255045,0.004260348621755838,0.2843928337097168,-9.169217109680176,0.16671304404735565
2025-03-07 02:15:24.166582,320,240,20,20,5.906585280547733,-0.004792673978954554,-0.005324999336153269,0.0015969761880114675,0.3040061295032501,-9.169217109680176,0.06864655017852783
2025-03-07 02:15:24.204949,320,240,20,20,5.915255280959537,0.0026616270188242197,-0.006923720706254244,-0.0005323254154063761,0.2843928337097168,-9.169217109680176,0.06864655017852783
2025-03-07 02:15:24.239077,320,240,20,20,5.926635281500057,-0.0005323254154063761,-0.0031956976745277643,0.0021293016616255045,0.2843928337097168,-9.188830375671387,0.127486452460289
2025-03-07 02:15:24.268808,320,240,20,20,5.852942777999852,-0.0005323254154063761,-0.0031956976745277643,0.004792673978954554,0.2843928337097168,-9.169217109680176,0.14709974825382233
2025-03-07 02:15:24.298246,320,240,20,20,5.950892782652227,-0.0026616270188242197,-0.004792673978954554,0.0010646508308127522,0.3040061295032501,-9.188830375671387,0.16671304404735565
2025-03-07 02:15:24.326966,320,240,20,20,5.861612778411654,-0.0031956976745277643,-0.005324999336153269,0.0021293016616255045,0.2843928337097168,-9.169217109680176,0.127486452460289
2025-03-07 02:15:24.356202,320,240,20,20,5.907690280600218,-0.003728023264557123,-0.006391395349055529,0.0031956976745277643,0.3040061295032501,-9.188830375671387,0.06864655017852783
2025-03-07 02:15:24.395498,320,240,20,20,5.897370280110044,0.0010646508308127522,-0.004260348621755838,0.004260348621755838,0.2843928337097168,-9.169217109680176,0.08825984597206116
2025-03-07 02:15:24.426960,320,240,20,20,5.9025802803575065,0.005859069991856813,-0.0026616270188242197,0.0010646508308127522,0.3040061295032501,-9.149603843688965,0.08825984597206116
2025-03-07 02:15:24.457208,320,240,20,20,5.930050281662261,0.0005323254154063761,-0.003728023264557123,0.004260348621755838,0.26477953791618347,-9.169217109680176,0.16671304404735565
2025-03-07 02:15:24.497075,320,240,20,20,5.921545281258295,-0.0010646508308127522,-0.0005323254154063761,0.0015969761880114675,0.2843928337097168,-9.169217109680176,0.16671304404735565
2025-03-07 02:15:24.528754,320,240,20,20,5.877610279171495,-0.0021293016616255045,-0.006391395349055529,0.0021293016616255045,0.2843928337097168,-9.169217109680176,0.127486452460289
2025-03-07 02:15:24.557768,320,240,20,20,5.884290279488778,-0.0005323254154063761,-0.004792673978954554,0.0,0.2843928337097168,-9.169217109680176,0.04903324693441391
2025-03-07 02:15:24.592500,320,240,20,20,5.902250280341832,-0.0015969761880114675,-0.004792673978954554,0.0026616270188242197,0.3040061295032501,-9.188830375671387,0.08825984597206116
2025-03-07 02:15:24.624860,320,240,20,20,5.899437780208245,-0.0005323254154063761,-0.009054767899215221,0.0005323254154063761,0.2843928337097168,-9.169217109680176,0.10787314921617508
2025-03-07 02:15:24.660767,320,240,20,20,5.884787779512408,0.0005323254154063761,-0.003728023264557123,0.0026616270188242197,0.3040061295032501,-9.169217109680176,0.127486452460289
2025-03-07 02:15:24.691297,320,240,20,20,5.928417781584722,-0.0021293016616255045,-0.006391395349055529,0.0005323254154063761,0.3040061295032501,-9.188830375671387,0.14709974825382233
2025-03-07 02:15:24.727560,320,240,20,20,5.921930281276582,-0.0026616270188242197,-0.006391395349055529,-0.0005323254154063761,0.2843928337097168,-9.169217109680176,0.10787314921617508
2025-03-07 02:15:24.757259,320,240,20,20,5.916865281036007,-0.0026616270188242197,-0.004792673978954554,0.003728023264557123,0.3040061295032501,-9.169217109680176,0.08825984597206116
2025-03-07 02:15:24.795366,320,240,20,20,5.920220281195361,0.0010646508308127522,-0.005859069991856813,0.0,0.26477953791618347,-9.188830375671387,0.06864655017852783
2025-03-07 02:15:24.824674,320,240,20,20,5.905672780504392,0.0010646508308127522,-0.0010646508308127522,0.0005323254154063761,0.2843928337097168,-9.169217109680176,0.127486452460289
2025-03-07 02:15:24.860854,320,240,20,20,5.8741977790094095,0.0010646508308127522,-0.006391395349055529,0.0021293016616255045,0.2843928337097168,-9.169217109680176,0.127486452460289
2025-03-07 02:15:24.891789,320,240,20,20,5.8708277788493435,-0.004260348621755838,-0.003728023264557123,0.0026616270188242197,0.2843928337097168,-9.188830375671387,0.127486452460289
2025-03-07 02:15:24.927716,320,240,20,20,5.818260276352521,-0.0026616270188242197,-0.008520697243511677,0.0021293016616255045,0.2843928337097168,-9.169217109680176,0.08825984597206116
2025-03-07 02:15:24.956886,320,240,20,20,5.897272780105413,-0.0010646508308127522,-0.0010646508308127522,0.006391395349055529,0.2843928337097168,-9.169217109680176,0.04903324693441391
2025-03-07 02:15:24.995314,320,240,20,20,5.87264527893567,-0.0015969761880114675,-0.005859069991856813,0.004792673978954554,0.3040061295032501,-9.188830375671387,0.08825984597206116
2025-03-07 02:15:25.025298,320,240,20,20,5.890662779791455,-0.0010646508308127522,-0.003728023264557123,0.0,0.2843928337097168,-9.188830375671387,0.08825984597206116
2025-03-07 02:15:25.059679,320,240,20,20,5.911577780784865,-0.0031956976745277643,-0.004260348621755838,0.0005323254154063761,0.2843928337097168,-9.169217109680176,0.14709974825382233
2025-03-07 02:15:25.093023,320,240,20,20,5.888775279701804,-0.0021293016616255045,-0.010651743970811367,0.0,0.2843928337097168,-9.188830375671387,0.127486452460289
2025-03-07 02:15:25.125793,320,240,20,20,5.909070280665764,-0.0010646508308127522,-0.003728023264557123,0.0015969761880114675,0.2843928337097168,-9.169217109680176,0.127486452460289
2025-03-07 02:15:25.158759,320,240,20,20,5.904435280445614,-0.0026616270188242197,-0.005859069991856813,0.0026616270188242197,0.3040061295032501,-9.169217109680176,0.08825984597206116
2025-03-07 02:15:25.193754,320,240,20,20,5.88665527960111,0.0015969761880114675,-0.011718139983713627,-0.0010646508308127522,0.3040061295032501,-9.169217109680176,0.08825984597206116
2025-03-07 02:15:25.225009,320,240,20,20,5.886630279599922,0.0,-0.003728023264557123,0.003728023264557123,0.3040061295032501,-9.169217109680176,0.127486452460289
2025-03-07 02:15:25.262935,320,240,20,20,5.9645377833003295,-0.0021293016616255045,-0.011184069328010082,-0.0010646508308127522,0.2843928337097168,-9.188830375671387,0.14709974825382233
2025-03-07 02:15:25.299906,320,240,20,20,5.838095277294633,-0.0015969761880114675,-0.0021293016616255045,0.0010646508308127522,0.2843928337097168,-9.169217109680176,0.127486452460289
2025-03-07 02:15:25.331711,320,240,20,20,5.894160279957577,-0.0005323254154063761,-0.0021293016616255045,0.0021293016616255045,0.2843928337097168,-9.169217109680176,0.08825984597206116
2025-03-07 02:15:25.361563,320,240,20,20,5.9167727810316135,-0.0010646508308127522,-0.009587093256413937,0.003728023264557123,0.2843928337097168,-9.169217109680176,0.06864655017852783
2025-03-07 02:15:25.404413,320,240,20,20,5.991342784573499,0.0015969761880114675,-0.006391395349055529,0.0,0.2843928337097168,-9.169217109680176,0.06864655017852783
2025-03-07 02:15:25.449762,320,240,20,20,5.874215279010241,0.0026616270188242197,-0.0015969761880114675,0.0031956976745277643,0.2843928337097168,-9.169217109680176,0.10787314921617508
2025-03-07 02:15:25.485926,320,240,20,20,5.8851502795296255,-0.0026616270188242197,-0.006923720706254244,0.006923720706254244,0.2843928337097168,-9.188830375671387,0.14709974825382233
2025-03-07 02:15:25.516008,320,240,20,20,5.94416028233245,-0.0031956976745277643,-0.008520697243511677,0.0031956976745277643,0.2843928337097168,-9.188830375671387,0.14709974825382233
2025-03-07 02:15:25.545115,320,240,20,20,5.893137779909011,0.0,-0.006923720706254244,0.003728023264557123,0.2843928337097168,-9.188830375671387,0.06864655017852783
2025-03-07 02:15:25.574147,320,240,20,20,5.847005277717836,0.0,-0.010651743970811367,0.0026616270188242197,0.2843928337097168,-9.169217109680176,0.06864655017852783
2025-03-07 02:15:25.603555,320,240,20,20,5.923572781354596,-0.003728023264557123,-0.005859069991856813,0.0021293016616255045,0.2843928337097168,-9.169217109680176,0.08825984597206116
2025-03-07 02:15:25.632434,320,240,20,20,5.871997778904915,0.0010646508308127522,-0.004792673978954554,-0.0026616270188242197,0.2843928337097168,-9.169217109680176,0.127486452460289
2025-03-07 02:15:25.661513,320,240,20,20,5.91504778094968,0.0,-0.004792673978954554,-0.0005323254154063761,0.3040061295032501,-9.169217109680176,0.14709974825382233
2025-03-07 02:15:25.690670,320,240,20,20,5.900725280269398,-0.004792673978954554,-0.003728023264557123,0.0021293016616255045,0.2843928337097168,-9.169217109680176,0.14709974825382233
2025-03-07 02:15:25.729332,320,240,20,20,5.916255281007034,-0.005859069991856813,-0.005859069991856813,0.0015969761880114675,0.3040061295032501,-9.149603843688965,0.10787314921617508
2025-03-07 02:15:25.758825,320,240,20,20,5.881667779364216,0.0,-0.004260348621755838,0.0026616270188242197,0.2843928337097168,-9.169217109680176,0.08825984597206116
2025-03-07 02:15:25.796026,320,240,20,20,5.908020280615892,0.003728023264557123,-0.005324999336153269,-0.0005323254154063761,0.3040061295032501,-9.188830375671387,0.08825984597206116
2025-03-07 02:15:25.825904,320,240,20,20,5.883692779460398,0.0015969761880114675,-0.005324999336153269,0.0005323254154063761,0.2843928337097168,-9.169217109680176,0.10787314921617508
2025-03-07 02:15:25.859213,320,240,20,20,5.942782782267022,0.0,-0.005324999336153269,0.0026616270188242197,0.2843928337097168,-9.169217109680176,0.14709974825382233
2025-03-07 02:15:25.894550,320,240,20,20,5.871757778893516,-0.0031956976745277643,-0.005859069991856813,0.003728023264557123,0.2843928337097168,-9.169217109680176,0.10787314921617508
2025-03-07 02:15:25.925860,320,240,20,20,5.915687780980079,-0.0021293016616255045,-0.0031956976745277643,0.0026616270188242197,0.2843928337097168,-9.169217109680176,0.08825984597206116
2025-03-07 02:15:25.962460,320,240,20,20,5.923767781363859,0.0005323254154063761,-0.006391395349055529,0.004792673978954554,0.2843928337097168,-9.169217109680176,0.06864655017852783
2025-03-07 02:15:25.992821,320,240,20,20,5.886430279590423,-0.0010646508308127522,-0.007988371886312962,-0.0005323254154063761,0.2843928337097168,-9.188830375671387,0.08825984597206116
2025-03-07 02:15:26.028813,320,240,20,20,5.81788277633459,-0.005859069991856813,-0.007456046529114246,0.0,0.2843928337097168,-9.188830375671387,0.127486452460289
2025-03-07 02:15:26.058198,320,240,20,20,5.891040279809386,-0.0010646508308127522,-0.009587093256413937,-0.003728023264557123,0.2843928337097168,-9.188830375671387,0.14709974825382233
2025-03-07 02:15:26.097067,320,240,20,20,5.889832779752032,-0.0021293016616255045,-0.009054767899215221,0.0010646508308127522,0.2843928337097168,-9.169217109680176,0.14709974825382233
2025-03-07 02:15:26.127229,320,240,20,20,5.874290279013803,-0.004260348621755838,-0.007456046529114246,0.0010646508308127522,0.2843928337097168,-9.169217109680176,0.10787314921617508
2025-03-07 02:15:26.159312,320,240,20,20,5.950855282650446,0.0,-0.004260348621755838,0.0021293016616255045,0.2843928337097168,-9.169217109680176,0.06864655017852783
2025-03-07 02:15:26.197538,320,240,20,20,5.890465279782075,0.0031956976745277643,-0.004260348621755838,0.0,0.3040061295032501,-9.169217109680176,0.06864655017852783
2025-03-07 02:15:26.228881,320,240,20,20,5.886560279596597,0.0010646508308127522,-0.006923720706254244,0.0010646508308127522,0.2843928337097168,-9.188830375671387,0.127486452460289
2025-03-07 02:15:26.258499,320,240,20,20,5.895775280034286,0.0015969761880114675,-0.009587093256413937,0.0021293016616255045,0.2843928337097168,-9.188830375671387,0.127486452460289
2025-03-07 02:15:26.296774,320,240,20,20,5.911017780758266,-0.004792673978954554,-0.005859069991856813,0.0010646508308127522,0.2843928337097168,-9.169217109680176,0.10787314921617508
2025-03-07 02:15:26.327038,320,240,20,20,5.876057779097755,0.0031956976745277643,-0.005859069991856813,0.005859069991856813,0.2843928337097168,-9.169217109680176,0.06864655017852783
2025-03-07 02:15:26.359957,320,240,20,20,5.929785281649674,0.0010646508308127522,-0.006923720706254244,0.0021293016616255045,0.2843928337097168,-9.169217109680176,0.06864655017852783
2025-03-07 02:15:26.395871,320,240,20,20,5.955500282871071,-0.0015969761880114675,-0.003728023264557123,0.0010646508308127522,0.3040061295032501,-9.188830375671387,0.08825984597206116
2025-03-07 02:15:26.425157,320,240,20,20,5.877752779178263,0.0031956976745277643,0.0,0.0005323254154063761,0.3040061295032501,-9.169217109680176,0.127486452460289
2025-03-07 02:15:26.463740,320,240,20,20,5.853735278037493,-0.0026616270188242197,-0.006391395349055529,0.0,0.2843928337097168,-9.169217109680176,0.14709974825382233
2025-03-07 02:15:26.494154,320,240,20,20,5.928462781586859,-0.0010646508308127522,-0.007988371886312962,0.0010646508308127522,0.2843928337097168,-9.169217109680176,0.08825984597206116
2025-03-07 02:15:26.531138,320,240,20,20,5.836042777197145,0.0005323254154063761,-0.006391395349055529,0.0010646508308127522,0.2843928337097168,-9.169217109680176,0.08825984597206116
2025-03-07 02:15:26.572637,320,240,20,20,5.899040280189365,0.0026616270188242197,-0.006923720706254244,0.0015969761880114675,0.2843928337097168,-9.169217109680176,0.06864655017852783
2025-03-07 02:15:26.614394,320,240,20,20,5.896390280063497,-0.0021293016616255045,-0.007456046529114246,0.0,0.2843928337097168,-9.188830375671387,0.10787314921617508
2025-03-07 02:15:26.658377,320,240,20,20,5.905267780485156,0.0021293016616255045,-0.004260348621755838,0.0010646508308127522,0.2843928337097168,-9.169217109680176,0.127486452460289
2025-03-07 02:15:26.697431,320,240,20,20,5.856405278164312,-0.005324999336153269,0.0015969761880114675,0.0021293016616255045,0.2843928337097168,-9.188830375671387,0.127486452460289
2025-03-07 02:15:26.736506,320,240,20,20,5.941857782223087,0.0010646508308127522,-0.004260348621755838,0.0005323254154063761,0.2843928337097168,-9.188830375671387,0.06864655017852783
2025-03-07 02:15:26.775764,320,240,20,20,5.905725280506886,-0.004260348621755838,-0.006923720706254244,0.0026616270188242197,0.2843928337097168,-9.169217109680176,0.06864655017852783
2025-03-07 02:15:26.815027,320,240,20,20,5.909492780685833,-0.0005323254154063761,-0.006391395349055529,0.0021293016616255045,0.2843928337097168,-9.169217109680176,0.10787314921617508
2025-03-07 02:15:26.850988,320,240,20,20,5.901400280301459,0.0,-0.005859069991856813,0.0005323254154063761,0.2843928337097168,-9.188830375671387,0.14709974825382233
2025-03-07 02:15:26.886725,320,240,20,20,5.8836427794580235,-0.0031956976745277643,-0.005324999336153269,0.004260348621755838,0.3040061295032501,-9.188830375671387,0.14709974825382233
2025-03-07 02:15:26.918668,320,240,20,20,5.912750280840555,-0.0010646508308127522,-0.009587093256413937,0.0,0.2843928337097168,-9.169217109680176,0.127486452460289
2025-03-07 02:15:26.948351,320,240,20,20,5.901330280298135,-0.0021293016616255045,-0.003728023264557123,0.0010646508308127522,0.3040061295032501,-9.188830375671387,0.08825984597206116
2025-03-07 02:15:26.977502,320,240,20,20,5.845532777647895,0.0010646508308127522,-0.0031956976745277643,0.0010646508308127522,0.3040061295032501,-9.169217109680176,0.08825984597206116
2025-03-07 02:15:27.006905,320,240,20,20,5.863305278492044,0.0015969761880114675,-0.005324999336153269,0.0,0.2843928337097168,-9.169217109680176,0.10787314921617508
2025-03-07 02:15:27.035885,320,240,20,20,5.883882779469422,-0.0015969761880114675,-0.005324999336153269,0.003728023264557123,0.2843928337097168,-9.169217109680176,0.14709974825382233
2025-03-07 02:15:27.075380,320,240,20,20,5.914880280941725,-0.0010646508308127522,-0.004260348621755838,0.0010646508308127522,0.2843928337097168,-9.169217109680176,0.10787314921617508
2025-03-07 02:15:27.113760,320,240,20,20,5.868552778741287,-0.0015969761880114675,-0.005859069991856813,0.0010646508308127522,0.2843928337097168,-9.188830375671387,0.10787314921617508
2025-03-07 02:15:27.155171,320,240,20,20,5.907215280577657,-0.006923720706254244,-0.007988371886312962,0.005324999336153269,0.2843928337097168,-9.169217109680176,0.04903324693441391
2025-03-07 02:15:27.190782,320,240,20,20,5.862547778456064,-0.003728023264557123,-0.007988371886312962,0.0026616270188242197,0.2843928337097168,-9.188830375671387,0.06864655017852783
2025-03-07 02:15:27.231784,320,240,20,20,5.886550279596122,0.004260348621755838,-0.0031956976745277643,0.0031956976745277643,0.2843928337097168,-9.188830375671387,0.10787314921617508
2025-03-07 02:15:27.269483,320,240,20,20,5.84206027748296,-0.004260348621755838,-0.004260348621755838,0.0031956976745277643,0.2843928337097168,-9.169217109680176,0.127486452460289
2025-03-07 02:15:27.308076,320,240,20,20,5.8403627774023334,-0.004260348621755838,-0.005324999336153269,0.005859069991856813,0.2843928337097168,-9.169217109680176,0.08825984597206116
2025-03-07 02:15:27.346491,320,240,20,20,5.872950278950157,-0.0026616270188242197,-0.006391395349055529,0.0021293016616255045,0.2843928337097168,-9.169217109680176,0.06864655017852783
2025-03-07 02:15:27.380098,320,240,20,20,5.893642779932998,0.0015969761880114675,-0.007456046529114246,0.005324999336153269,0.2843928337097168,-9.188830375671387,0.06864655017852783
2025-03-07 02:15:27.410057,320,240,20,20,5.911817780796264,-0.006923720706254244,-0.007988371886312962,0.0005323254154063761,0.3040061295032501,-9.188830375671387,0.127486452460289
2025-03-07 02:15:27.438978,320,240,20,20,5.879145279244403,-0.0010646508308127522,-0.006391395349055529,0.004260348621755838,0.2843928337097168,-9.169217109680176,0.127486452460289
2025-03-07 02:15:27.467835,320,240,20,20,5.911102780762303,-0.004792673978954554,-0.004792673978954554,0.0021293016616255045,0.3040061295032501,-9.169217109680176,0.127486452460289
2025-03-07 02:15:27.497118,320,240,20,20,5.900905280277948,-0.0026616270188242197,-0.009587093256413937,0.0026616270188242197,0.3040061295032501,-9.169217109680176,0.10787314921617508
2025-03-07 02:15:27.526106,320,240,20,20,5.882215279390221,0.0,-0.004260348621755838,0.0005323254154063761,0.2843928337097168,-9.169217109680176,0.06864655017852783
2025-03-07 02:15:27.561570,320,240,20,20,5.941680282214657,0.0005323254154063761,-0.0021293016616255045,0.0010646508308127522,0.2843928337097168,-9.169217109680176,0.08825984597206116
2025-03-07 02:15:27.595448,320,240,20,20,5.8249277766692105,-0.005324999336153269,-0.007988371886312962,0.0015969761880114675,0.2843928337097168,-9.149603843688965,0.08825984597206116
2025-03-07 02:15:27.627082,320,240,20,20,5.910192780719081,-0.0031956976745277643,-0.008520697243511677,0.0031956976745277643,0.2843928337097168,-9.188830375671387,0.127486452460289
2025-03-07 02:15:27.663424,320,240,20,20,5.918257781102147,-0.0021293016616255045,-0.007988371886312962,0.0015969761880114675,0.2843928337097168,-9.169217109680176,0.10787314921617508
2025-03-07 02:15:27.693143,320,240,20,20,5.867117778673128,-0.0021293016616255045,-0.009587093256413937,0.0010646508308127522,0.2843928337097168,-9.169217109680176,0.08825984597206116
2025-03-07 02:15:27.731570,320,240,20,20,5.902207780339813,-0.004792673978954554,-0.006923720706254244,0.0010646508308127522,0.2843928337097168,-9.188830375671387,0.08825984597206116
2025-03-07 02:15:27.761654,320,240,20,20,5.927250281529268,-0.003728023264557123,-0.011184069328010082,0.0005323254154063761,0.2843928337097168,-9.169217109680176,0.08825984597206116
2025-03-07 02:15:27.793627,320,240,20,20,5.885885279564536,-0.0031956976745277643,-0.007456046529114246,0.0005323254154063761,0.3040061295032501,-9.169217109680176,0.127486452460289
2025-03-07 02:15:27.829192,320,240,20,20,5.841252777444606,0.0015969761880114675,-0.004260348621755838,0.0015969761880114675,0.2843928337097168,-9.188830375671387,0.14709974825382233
2025-03-07 02:15:27.860705,320,240,20,20,5.9148902809422,0.0015969761880114675,-0.004792673978954554,0.0021293016616255045,0.2843928337097168,-9.169217109680176,0.10787314921617508
2025-03-07 02:15:27.897799,320,240,20,20,5.864612778554147,-0.0010646508308127522,-0.004792673978954554,0.0010646508308127522,0.3040061295032501,-9.149603843688965,0.10787314921617508
2025-03-07 02:15:27.927969,320,240,20,20,5.859057778290298,-0.0031956976745277643,-0.007456046529114246,0.004260348621755838,0.2843928337097168,-9.169217109680176,0.06864655017852783
2025-03-07 02:15:27.963280,320,240,20,20,6.016127785750723,-0.0021293016616255045,-0.005324999336153269,0.0021293016616255045,0.2843928337097168,-9.169217109680176,0.08825984597206116
2025-03-07 02:15:27.993515,320,240,20,20,5.8866152795992095,-0.003728023264557123,-0.009587093256413937,0.0015969761880114675,0.2843928337097168,-9.188830375671387,0.10787314921617508
2025-03-07 02:15:28.032949,320,240,20,20,5.854755278085941,-0.0005323254154063761,0.0026616270188242197,0.0031956976745277643,0.2843928337097168,-9.169217109680176,0.14709974825382233
2025-03-07 02:15:28.063854,320,240,20,20,5.912312780819775,-0.006923720706254244,-0.004792673978954554,0.0026616270188242197,0.2843928337097168,-9.188830375671387,0.127486452460289
2025-03-07 02:15:28.093322,320,240,20,20,5.899302780201833,0.0021293016616255045,-0.0015969761880114675,0.0021293016616255045,0.3040061295032501,-9.169217109680176,0.08825984597206116
2025-03-07 02:15:28.134016,320,240,20,20,5.901527780307515,-0.0005323254154063761,-0.007456046529114246,0.0031956976745277643,0.2843928337097168,-9.169217109680176,0.06864655017852783
2025-03-07 02:15:28.167705,320,240,20,20,5.919295281151426,-0.0005323254154063761,-0.007988371886312962,0.0010646508308127522,0.3040061295032501,-9.188830375671387,0.10787314921617508
2025-03-07 02:15:28.197242,320,240,20,20,5.9206327812149535,0.0005323254154063761,-0.005859069991856813,0.003728023264557123,0.3040061295032501,-9.188830375671387,0.127486452460289
2025-03-07 02:15:28.226463,320,240,20,20,5.891835279847146,-0.005859069991856813,-0.006923720706254244,0.0005323254154063761,0.2843928337097168,-9.188830375671387,0.127486452460289
2025-03-07 02:15:28.267786,320,240,20,20,5.905712780506292,-0.004792673978954554,-0.0031956976745277643,-0.0015969761880114675,0.3040061295032501,-9.169217109680176,0.127486452460289
2025-03-07 02:15:28.305407,320,240,20,20,5.900015280235675,0.0015969761880114675,-0.0021293016616255045,0.0005323254154063761,0.2843928337097168,-9.169217109680176,0.08825984597206116
2025-03-07 02:15:28.342680,320,240,20,20,5.964367783292255,0.0005323254154063761,-0.004792673978954554,0.0,0.2843928337097168,-9.169217109680176,0.06864655017852783
2025-03-07 02:15:28.376370,320,240,20,20,5.859225278298254,-0.0015969761880114675,-0.004792673978954554,0.0026616270188242197,0.2843928337097168,-9.188830375671387,0.08825984597206116
2025-03-07 02:15:28.406679,320,240,20,20,5.931837781747163,0.0015969761880114675,-0.008520697243511677,0.0015969761880114675,0.2843928337097168,-9.188830375671387,0.10787314921617508
2025-03-07 02:15:28.435794,320,240,20,20,5.877430279162946,0.0026616270188242197,-0.012250465340912342,0.0010646508308127522,0.3040061295032501,-9.169217109680176,0.14709974825382233
2025-03-07 02:15:28.464655,320,240,20,20,5.91596528099326,0.0026616270188242197,-0.004260348621755838,0.0021293016616255045,0.2843928337097168,-9.188830375671387,0.10787314921617508
2025-03-07 02:15:28.493791,320,240,20,20,5.9069277805640015,0.0021293016616255045,-0.0010646508308127522,0.0005323254154063761,0.2843928337097168,-9.169217109680176,0.08825984597206116
2025-03-07 02:15:28.529660,320,240,20,20,5.907520280592143,0.0,0.0,0.0005323254154063761,0.2843928337097168,-9.169217109680176,0.08825984597206116
2025-03-07 02:15:28.561435,320,240,20,20,5.905275280485512,0.0010646508308127522,-0.003728023264557123,0.0026616270188242197,0.2843928337097168,-9.169217109680176,0.08825984597206116
2025-03-07 02:15:28.598417,320,240,20,20,5.855202778107196,-0.0026616270188242197,-0.007988371886312962,0.0026616270188242197,0.2843928337097168,-9.169217109680176,0.127486452460289
2025-03-07 02:15:28.628815,320,240,20,20,5.876000279095024,-0.004260348621755838,-0.010119418613612652,0.0015969761880114675,0.2843928337097168,-9.169217109680176,0.127486452460289
2025-03-07 02:15:28.661247,320,240,20,20,5.851807777945941,0.0031956976745277643,-0.007456046529114246,0.004792673978954554,0.2843928337097168,-9.188830375671387,0.127486452460289
2025-03-07 02:15:28.699005,320,240,20,20,5.9173952810611805,-0.0031956976745277643,-0.007988371886312962,0.004792673978954554,0.3040061295032501,-9.169217109680176,0.10787314921617508
2025-03-07 02:15:28.729019,320,240,20,20,5.932777781791811,0.0010646508308127522,-0.004792673978954554,0.0005323254154063761,0.2843928337097168,-9.169217109680176,0.08825984597206116
2025-03-07 02:15:28.760848,320,240,20,20,5.914197780909308,0.0005323254154063761,-0.004260348621755838,0.003728023264557123,0.2843928337097168,-9.169217109680176,0.127486452460289
2025-03-07 02:15:28.797174,320,240,20,20,5.923722781361721,0.0005323254154063761,-0.005324999336153269,-0.0005323254154063761,0.2843928337097168,-9.169217109680176,0.127486452460289
2025-03-07 02:15:28.827136,320,240,20,20,5.886977779616427,-0.0010646508308127522,-0.010651743970811367,0.0015969761880114675,0.2843928337097168,-9.169217109680176,0.127486452460289
2025-03-07 02:15:28.864024,320,240,20,20,5.868822778754111,0.0005323254154063761,-0.0021293016616255045,0.003728023264557123,0.2843928337097168,-9.169217109680176,0.08825984597206116
2025-03-07 02:15:28.895005,320,240,20,20,5.913605280881166,-0.003728023264557123,-0.010119418613612652,0.0021293016616255045,0.2843928337097168,-9.169217109680176,0.08825984597206116
2025-03-07 02:15:28.930459,320,240,20,20,5.88872277969931,-0.0005323254154063761,-0.007988371886312962,0.005859069991856813,0.3040061295032501,-9.169217109680176,0.08825984597206116
2025-03-07 02:15:28.961278,320,240,20,20,5.9153977809663045,0.0021293016616255045,-0.006923720706254244,0.0010646508308127522,0.2843928337097168,-9.188830375671387,0.08825984597206116
2025-03-07 02:15:28.998716,320,240,20,20,5.8870152796182085,0.0,-0.0026616270188242197,0.0021293016616255045,0.2843928337097168,-9.169217109680176,0.127486452460289
2025-03-07 02:15:29.028871,320,240,20,20,5.891245279819122,0.0005323254154063761,-0.009054767899215221,0.0005323254154063761,0.2843928337097168,-9.169217109680176,0.127486452460289
2025-03-07 02:15:29.062432,320,240,20,20,5.893082779906399,-0.005324999336153269,-0.011718139983713627,0.0031956976745277643,0.2843928337097168,-9.169217109680176,0.08825984597206116
2025-03-07 02:15:29.097601,320,240,20,20,5.910320280725136,-0.0021293016616255045,-0.007456046529114246,0.0026616270188242197,0.2843928337097168,-9.169217109680176,0.06864655017852783
2025-03-07 02:15:29.127618,320,240,20,20,5.954565282826661,0.0,-0.0031956976745277643,0.004260348621755838,0.2843928337097168,-9.169217109680176,0.04903324693441391
2025-03-07 02:15:29.167003,320,240,20,20,5.876320279110223,0.003728023264557123,-0.005324999336153269,0.0031956976745277643,0.3040061295032501,-9.169217109680176,0.10787314921617508
2025-03-07 02:15:29.197195,320,240,20,20,5.875140279054176,0.0,-0.005859069991856813,0.0010646508308127522,0.3040061295032501,-9.188830375671387,0.127486452460289
2025-03-07 02:15:29.227108,320,240,20,20,5.883480279450305,-0.0031956976745277643,-0.006923720706254244,0.0026616270188242197,0.3040061295032501,-9.169217109680176,0.127486452460289
2025-03-07 02:15:29.266538,320,240,20,20,5.896032780046516,-0.0021293016616255045,-0.009587093256413937,-0.0021293016616255045,0.2843928337097168,-9.169217109680176,0.10787314921617508
2025-03-07 02:15:29.297498,320,240,20,20,5.926537781495426,0.0010646508308127522,-0.0031956976745277643,0.005859069991856813,0.2843928337097168,-9.188830375671387,0.08825984597206116
2025-03-07 02:15:29.327526,320,240,20,20,5.858730278274743,-0.0031956976745277643,-0.004260348621755838,0.0026616270188242197,0.3040061295032501,-9.169217109680176,0.08825984597206116
2025-03-07 02:15:29.366726,320,240,20,20,5.967477783439972,0.004260348621755838,-0.004792673978954554,0.003728023264557123,0.2843928337097168,-9.169217109680176,0.08825984597206116
2025-03-07 02:15:29.397110,320,240,20,20,5.9205427812106795,0.0010646508308127522,-0.0031956976745277643,0.005324999336153269,0.3040061295032501,-9.169217109680176,0.127486452460289
2025-03-07 02:15:29.427027,320,240,20,20,5.886297779584129,-0.0031956976745277643,-0.005324999336153269,0.0021293016616255045,0.2843928337097168,-9.169217109680176,0.127486452460289
2025-03-07 02:15:29.467683,320,240,20,20,5.889212779722584,-0.0015969761880114675,-0.007988371886312962,0.0005323254154063761,0.2843928337097168,-9.169217109680176,0.10787314921617508
2025-03-07 02:15:29.499470,320,240,20,20,5.891972779853677,-0.0005323254154063761,-0.009587093256413937,0.0010646508308127522,0.2843928337097168,-9.169217109680176,0.06864655017852783
2025-03-07 02:15:29.528680,320,240,20,20,5.869180278771092,-0.0010646508308127522,-0.009054767899215221,0.0,0.2843928337097168,-9.169217109680176,0.10787314921617508
2025-03-07 02:15:29.564305,320,240,20,20,5.914787780937331,0.0010646508308127522,-0.005324999336153269,0.004260348621755838,0.2843928337097168,-9.169217109680176,0.10787314921617508
2025-03-07 02:15:29.595561,320,240,20,20,5.893680279934779,0.0,-0.0031956976745277643,0.004792673978954554,0.2843928337097168,-9.169217109680176,0.127486452460289
2025-03-07 02:15:29.632021,320,240,20,20,5.911800280795433,-0.0026616270188242197,-0.0031956976745277643,-0.0015969761880114675,0.2843928337097168,-9.169217109680176,0.127486452460289
2025-03-07 02:15:29.663001,320,240,20,20,5.869372778780234,-0.0026616270188242197,-0.018109535798430443,0.004260348621755838,0.3628460466861725,-9.149603843688965,0.06864655017852783
2025-03-07 02:15:29.697182,320,240,20,20,5.928707781598495,-0.013847441412508488,-0.08628732711076736,0.0005323254154063761,0.16671304404735565,-9.169217109680176,0.34323275089263916
2025-03-07 02:15:29.728578,320,240,20,20,5.853995278049842,-0.009054767899215221,-0.017577210441231728,0.004792673978954554,0.009806649759411812,-9.188830375671387,0.7845319509506226
2025-03-07 02:15:29.766824,320,240,20,20,5.935715281931334,-0.0026616270188242197,0.04527384042739868,0.004260348621755838,-0.10787314921617508,-9.129990577697754,-0.6668521761894226
2025-03-07 02:15:29.798067,320,240,20,20,5.9161977810043025,0.0015969761880114675,-0.013315116055309772,0.0,0.14709974825382233,-9.149603843688965,-1.0493115186691284
2025-03-07 02:15:29.828091,320,240,20,20,5.944575282352162,0.052731629461050034,-0.03888244554400444,-0.0010646508308127522,0.6472389101982117,-9.208444595336914,0.2843928337097168
2025-03-07 02:15:29.866529,320,240,20,20,5.874742779035296,0.035154420882463455,0.044741515070199966,0.007456046529114246,0.5295590758323669,-9.188830375671387,1.1081514358520508
2025-03-07 02:15:29.896226,320,240,20,20,5.846157777677581,-0.04314279183745384,0.04420918971300125,0.0005323254154063761,0.26477953791618347,-9.169217109680176,0.47071918845176697
2025-03-07 02:15:29.928701,320,240,20,20,5.866742778655317,-0.03994709625840187,-0.026631977409124374,-0.0026616270188242197,-0.009806649759411812,-9.169217109680176,-0.18632633984088898
2025-03-07 02:15:29.965764,320,240,20,20,5.92903778161417,0.026631977409124374,-0.04420918971300125,0.004260348621755838,0.26477953791618347,-9.169217109680176,0.0
2025-03-07 02:15:29.996499,320,240,20,20,5.9221727812881,-0.006391395349055529,0.009054767899215221,0.0,0.18632633984088898,-9.188830375671387,0.16671304404735565
2025-03-07 02:15:30.028990,320,240,20,20,5.883292779441399,-0.021305233240127563,0.03888244554400444,0.0005323254154063761,0.6668521761894226,-9.169217109680176,-0.06864655017852783
2025-03-07 02:15:30.065790,320,240,20,20,5.829210276872618,0.02077290788292885,-0.0324910469353199,-0.0010646508308127522,0.26477953791618347,-9.188830375671387,-0.22555294632911682
2025-03-07 02:15:30.096253,320,240,20,20,5.911190280766459,0.03036000207066536,-0.02929535135626793,0.0015969761880114675,0.24516624212265015,-9.188830375671387,0.7845319509506226
2025-03-07 02:15:30.133442,320,240,20,20,5.888450279686367,-0.018641861155629158,0.010119418613612652,0.0005323254154063761,0.16671304404735565,-9.188830375671387,0.627625584602356
2025-03-07 02:15:30.165037,320,240,20,20,5.943212782287446,-0.03568674623966217,0.016510814428329468,0.0010646508308127522,0.5883989930152893,-9.149603843688965,-0.2843928337097168
2025-03-07 02:15:30.194971,320,240,20,20,5.881585279360297,0.0367513969540596,-0.03036000207066536,0.004260348621755838,0.14709974825382233,-9.169217109680176,-0.6472389101982117
2025-03-07 02:15:30.234473,320,240,20,20,5.835372777165321,0.03568674623966217,-0.02183755859732628,-0.0015969761880114675,0.009806649759411812,-9.149603843688965,0.22555294632911682
2025-03-07 02:15:30.264857,320,240,20,20,5.875727779082081,-0.017577210441231728,0.013315116055309772,-0.0005323254154063761,0.24516624212265015,-9.188830375671387,0.6864655017852783
2025-03-07 02:15:30.295073,320,240,20,20,5.8537577780385615,-0.013315116055309772,-0.009587093256413937,0.0031956976745277643,0.6080122590065002,-9.169217109680176,0.45110589265823364
2025-03-07 02:15:30.333865,320,240,20,20,5.87077527884685,-0.005859069991856813,-0.035154420882463455,0.0010646508308127522,0.34323275089263916,-9.169217109680176,0.04903324693441391
2025-03-07 02:15:30.363609,320,240,20,20,5.84017027739319,-0.014379767701029778,-0.08469035476446152,-0.0026616270188242197,0.3040061295032501,-9.149603843688965,-0.4314925968647003
2025-03-07 02:15:30.396792,320,240,20,20,5.884407779494358,0.016510814428329468,-0.09587617218494415,-0.004792673978954554,0.5687856674194336,-9.169217109680176,-0.2059396505355835
2025-03-07 02:15:30.430533,320,240,20,20,5.885990279569524,-0.03781779482960701,0.013315116055309772,0.006923720706254244,0.34323275089263916,-9.208444595336914,2.863541841506958
2025-03-07 02:15:30.464798,320,240,20,20,5.904380280443002,-0.2380925714969635,0.19867780804634094,0.0,0.06864655017852783,-9.169217109680176,0.6080122590065002
2025-03-07 02:15:30.496139,320,240,20,20,5.890777779796918,0.07456918805837631,0.028761280700564384,0.009054767899215221,0.32361945509910583,-8.94366455078125,-5.687856674194336
2025-03-07 02:15:30.532206,320,240,20,20,5.879355279254378,0.10120291262865067,-0.056991979479789734,-0.005324999336153269,-0.34323275089263916,-8.825984954833984,-1.255251169204712
2025-03-07 02:15:30.561798,320,240,20,20,5.884727779509558,0.012250465340912342,0.02077290788292885,-0.009054767899215221,0.627625584602356,-9.090764045715332,2.598762273788452
2025-03-07 02:15:30.599814,320,240,20,20,5.911712780791277,-0.02929535135626793,0.0697765126824379,0.012250465340912342,1.010084867477417,-9.365350723266602,2.4810824394226074
2025-03-07 02:15:30.630154,320,240,20,20,5.924345281391288,-0.16884838044643402,0.04953593388199806,0.0015969761880114675,0.32361945509910583,-9.149603843688965,0.5295590758323669
2025-03-07 02:15:30.664245,320,240,20,20,5.941460282204207,-0.038350120186805725,-0.04420918971300125,-0.0031956976745277643,-0.7453053593635559,-9.090764045715332,-1.6279038190841675
2025-03-07 02:15:30.697564,320,240,20,20,5.89373777993751,0.029827676713466644,-0.06871011853218079,0.0,0.22555294632911682,-9.05153751373291,-0.8139519095420837
2025-03-07 02:15:30.729563,320,240,20,20,5.859192778296711,0.007988371886312962,-0.02716430276632309,-0.010651743970811367,0.4314925968647003,-9.532063484191895,0.8041452765464783
2025-03-07 02:15:30.765796,320,240,20,20,5.802097775584843,-0.06604674458503723,0.062318723648786545,0.0005323254154063761,0.9708583354949951,-9.228057861328125,2.2751426696777344
2025-03-07 02:15:30.795645,320,240,20,20,5.905212780482543,-0.06338512152433395,0.09480977058410645,0.009054767899215221,0.990471601486206,-8.884824752807617,1.4121575355529785
2025-03-07 02:15:30.833296,320,240,20,20,5.860612778364157,-0.05752430483698845,0.02183755859732628,0.0015969761880114675,-0.2843928337097168,-9.129990577697754,-0.5687856674194336
2025-03-07 02:15:30.863257,320,240,20,20,5.856205278154812,-0.02183755859732628,-0.037283722311258316,0.0021293016616255045,-0.4314925968647003,-9.32612419128418,-0.627625584602356
2025-03-07 02:15:30.899796,320,240,20,20,5.859877778329246,0.0031956976745277643,-0.061254072934389114,-0.004260348621755838,0.3628460466861725,-8.443525314331055,0.08825984597206116
2025-03-07 02:15:30.930332,320,240,20,20,5.812195276064449,0.007456046529114246,-0.009054767899215221,0.011184069328010082,1.45138418674469,-9.012310981750488,0.9316317439079285
2025-03-07 02:15:30.964596,320,240,20,20,5.872162778912752,-0.02822895534336567,0.04793721064925194,0.009054767899215221,0.22555294632911682,-9.306510925292969,1.0885381698608398
2025-03-07 02:15:30.997072,320,240,20,20,5.80369527566072,-0.22104768455028534,0.003728023264557123,-0.006391395349055529,0.10787314921617508,-8.688692092895508,1.45138418674469
2025-03-07 02:15:31.032069,320,240,20,20,5.843625277557294,-0.018641861155629158,-0.012250465340912342,0.023436279967427254,-0.24516624212265015,-9.208444595336914,0.6668521761894226
2025-03-07 02:15:31.071228,320,240,20,20,5.82479027666268,0.043676864355802536,-0.009587093256413937,0.009054767899215221,0.16671304404735565,-8.482751846313477,-0.16671304404735565
2025-03-07 02:15:31.106765,320,240,20,20,5.856055278147688,0.1347586065530777,0.03355569764971733,0.0015969761880114675,1.0689247846603394,-8.865211486816406,0.26477953791618347
2025-03-07 02:15:31.139829,320,240,20,20,5.847527777742653,0.11025768518447876,0.0415458157658577,-0.006391395349055529,0.3628460466861725,-8.786758422851562,2.559535503387451
2025-03-07 02:15:31.169677,320,240,20,20,5.785585274800542,-0.015978489071130753,0.026631977409124374,0.003728023264557123,0.5687856674194336,-8.845598220825195,0.18632633984088898
2025-03-07 02:15:31.205697,320,240,20,20,5.767130273923977,-0.006923720706254244,0.023436279967427254,0.015446163713932037,-0.06864655017852783,-9.32612419128418,0.4903324842453003
2025-03-07 02:15:31.243799,320,240,20,20,5.8112702760205135,-0.2604641914367676,-0.008520697243511677,0.013847441412508488,-0.2059396505355835,-9.129990577697754,-0.5491724014282227
2025-03-07 02:15:31.281635,320,240,20,20,5.769747774048301,-0.20133943855762482,-0.06764546781778336,-0.012782790698111057,0.08825984597206116,-9.247671127319336,-0.4314925968647003
2025-03-07 02:15:31.318629,320,240,20,20,5.783452774699254,-0.2098618745803833,-0.04420918971300125,-0.0415458157658577,0.7453053593635559,-8.825984954833984,0.8335652351379395
2025-03-07 02:15:31.357023,320,240,20,20,5.742300272744615,-0.018109535798430443,-0.04846953600645065,0.006391395349055529,0.4314925968647003,-8.080678939819336,0.26477953791618347
2025-03-07 02:15:31.394240,320,240,20,20,5.771877774149471,-0.18003419041633606,-0.026631977409124374,0.02716430276632309,0.509945809841156,-9.149603843688965,0.3824593424797058
2025-03-07 02:15:31.430753,320,240,20,20,5.74557277290005,0.24182234704494476,0.037283722311258316,-0.011184069328010082,-0.08825984597206116,-7.423634052276611,0.509945809841156
2025-03-07 02:15:31.467025,320,240,20,20,5.761087773636973,-0.10439860820770264,-0.0026616270188242197,-0.015978489071130753,0.04903324693441391,-9.43399715423584,-0.6864655017852783
2025-03-07 02:15:31.504849,320,240,20,20,5.765560273849405,0.2854992151260376,0.0415458157658577,0.030892327427864075,0.6864655017852783,-8.443525314331055,-1.206217885017395
2025-03-07 02:15:31.543979,320,240,20,20,5.677930269687204,0.19335106015205383,0.03036000207066536,0.014379767701029778,0.32361945509910583,-9.267284393310547,-0.8531785011291504
2025-03-07 02:15:31.580577,320,240,20,20,5.682520269905217,0.1592612862586975,-0.05113290995359421,0.021305233240127563,0.4903324842453003,-9.129990577697754,-1.5886772871017456
2025-03-07 02:15:31.618253,320,240,20,20,5.668142769222323,0.12463919073343277,-0.03355569764971733,0.009054767899215221,0.029419949278235435,-9.32612419128418,-1.1277647018432617
2025-03-07 02:15:31.654247,320,240,20,20,5.6815927698611635,0.13688966631889343,0.02077290788292885,0.006923720706254244,0.18632633984088898,-9.110377311706543,-0.8531785011291504
2025-03-07 02:15:31.698341,320,240,20,20,5.6892002702225,0.10279989242553711,-0.008520697243511677,0.012250465340912342,0.08825984597206116,-9.169217109680176,-0.8335652351379395
2025-03-07 02:15:31.743266,320,240,20,20,5.694400270469487,0.06711314618587494,0.014379767701029778,0.004792673978954554,0.16671304404735565,-9.169217109680176,-0.4314925968647003
2025-03-07 02:15:31.785047,320,240,20,20,5.696237770556763,0.08788605034351349,0.015978489071130753,0.0021293016616255045,0.2059396505355835,-9.169217109680176,0.14709974825382233
2025-03-07 02:15:31.824008,320,240,20,20,5.7053627709901775,0.03036000207066536,0.019174186512827873,0.0031956976745277643,0.3824593424797058,-9.208444595336914,0.8139519095420837
2025-03-07 02:15:31.859961,320,240,20,20,5.655002768598206,0.010651743970811367,0.019174186512827873,0.0010646508308127522,0.22555294632911682,-9.188830375671387,0.6668521761894226
2025-03-07 02:15:31.891553,320,240,20,20,5.633515267577605,0.014913838356733322,-0.0015969761880114675,0.0026616270188242197,0.18632633984088898,-9.169217109680176,0.4314925968647003
2025-03-07 02:15:31.920696,320,240,20,20,5.624997767173045,-0.0031956976745277643,-0.012250465340912342,0.0021293016616255045,0.40207263827323914,-9.169217109680176,-0.009806649759411812
2025-03-07 02:15:31.950013,320,240,20,20,5.6836752699600765,-0.003728023264557123,-0.026631977409124374,0.0005323254154063761,0.32361945509910583,-9.169217109680176,-0.18632633984088898
2025-03-07 02:15:31.979015,320,240,20,20,5.668975269261864,0.013315116055309772,-0.016510814428329468,0.0,0.24516624212265015,-9.169217109680176,-0.18632633984088898
2025-03-07 02:15:32.007806,320,240,20,20,5.632125267511583,0.014913838356733322,-0.012782790698111057,0.0026616270188242197,0.127486452460289,-9.169217109680176,-0.009806649759411812
2025-03-07 02:15:32.036581,320,240,20,20,5.697792770630622,0.017577210441231728,0.0021293016616255045,0.005324999336153269,0.2843928337097168,-9.169217109680176,0.029419949278235435
2025-03-07 02:15:32.065307,320,240,20,20,5.6734752694756025,0.007456046529114246,0.0026616270188242197,0.004792673978954554,0.3824593424797058,-9.169217109680176,0.22555294632911682
2025-03-07 02:15:32.104507,320,240,20,20,5.599565265965066,-0.0005323254154063761,0.012250465340912342,0.003728023264557123,0.2843928337097168,-9.188830375671387,0.32361945509910583
2025-03-07 02:15:32.141572,320,240,20,20,5.690575270287809,0.0026616270188242197,0.003728023264557123,0.004792673978954554,0.24516624212265015,-9.169217109680176,0.06864655017852783
2025-03-07 02:15:32.177405,320,240,20,20,5.63577276768483,0.0010646508308127522,-0.009054767899215221,-0.0031956976745277643,0.2843928337097168,-9.188830375671387,0.06864655017852783
2025-03-07 02:15:32.215596,320,240,20,20,5.633362767570361,-0.013315116055309772,0.005324999336153269,0.0005323254154063761,0.34323275089263916,-9.169217109680176,0.08825984597206116
2025-03-07 02:15:32.251863,320,240,20,20,5.686155270077871,0.0005323254154063761,0.006923720706254244,-0.0005323254154063761,0.24516624212265015,-9.188830375671387,-0.06864655017852783
2025-03-07 02:15:32.289414,320,240,20,20,5.657877768734761,0.014913838356733322,0.005859069991856813,0.0005323254154063761,0.22555294632911682,-9.169217109680176,0.18632633984088898
2025-03-07 02:15:32.328285,320,240,20,20,5.623215267088381,-0.003728023264557123,0.017577210441231728,0.003728023264557123,0.2843928337097168,-9.169217109680176,0.2843928337097168
2025-03-07 02:15:32.366460,320,240,20,20,5.642947768025624,-0.006391395349055529,0.009587093256413937,0.004792673978954554,0.40207263827323914,-9.188830375671387,-0.10787314921617508
2025-03-07 02:15:32.403895,320,240,20,20,5.641782767970289,0.02077290788292885,-0.013315116055309772,-0.0005323254154063761,0.18632633984088898,-9.169217109680176,0.127486452460289
2025-03-07 02:15:32.438108,320,240,20,20,5.6631002689828165,-0.012782790698111057,-0.013847441412508488,-0.0015969761880114675,0.2059396505355835,-9.169217109680176,0.6472389101982117
2025-03-07 02:15:32.470796,320,240,20,20,5.681035269834683,-0.007456046529114246,-0.013315116055309772,-0.0005323254154063761,0.2843928337097168,-9.188830375671387,0.22555294632911682
2025-03-07 02:15:32.507061,320,240,20,20,5.668480269238353,0.007456046529114246,-0.007988371886312962,0.0010646508308127522,0.16671304404735565,-9.169217109680176,0.10787314921617508
2025-03-07 02:15:32.545439,320,240,20,20,5.7178252715821145,0.0026616270188242197,0.007456046529114246,-0.0015969761880114675,0.34323275089263916,-9.149603843688965,0.14709974825382233
2025-03-07 02:15:32.581509,320,240,20,20,5.671932769402337,0.0015969761880114675,0.02822895534336567,0.004260348621755838,0.411879301071167,-9.169217109680176,0.18632633984088898
2025-03-07 02:15:32.612071,320,240,20,20,5.6015877660611295,0.0,0.018641861155629158,0.005859069991856813,0.2843928337097168,-9.169217109680176,-0.10787314921617508
2025-03-07 02:15:32.648940,320,240,20,20,5.711290271271719,0.02077290788292885,-0.016510814428329468,0.0021293016616255045,0.10787314921617508,-9.149603843688965,-0.2843928337097168
2025-03-07 02:15:32.691597,320,240,20,20,5.597922765887051,0.010651743970811367,-0.040481165051460266,0.0010646508308127522,0.2843928337097168,-9.169217109680176,0.2059396505355835
2025-03-07 02:15:32.732239,320,240,20,20,5.585940265317913,-0.004792673978954554,-0.03355569764971733,-0.0005323254154063761,0.40207263827323914,-9.169217109680176,0.411879301071167
2025-03-07 02:15:32.768962,320,240,20,20,5.684477769998193,-0.004792673978954554,-0.017043139785528183,0.0021293016616255045,0.411879301071167,-9.188830375671387,0.40207263827323914
2025-03-07 02:15:32.805574,320,240,20,20,5.6764502696169075,-0.005324999336153269,-0.005324999336153269,0.0005323254154063761,0.14709974825382233,-9.149603843688965,-0.04903324693441391
2025-03-07 02:15:32.844047,320,240,20,20,5.616562766772404,0.013315116055309772,-0.0021293016616255045,0.005859069991856813,0.34323275089263916,-9.169217109680176,-0.009806649759411812
2025-03-07 02:15:32.888966,320,240,20,20,5.650615268389811,-0.005324999336153269,0.007456046529114246,0.0010646508308127522,0.45110589265823364,-9.188830375671387,0.18632633984088898
2025-03-07 02:15:32.931578,320,240,20,20,5.666590269148583,0.006923720706254244,0.003728023264557123,0.004260348621755838,0.32361945509910583,-9.188830375671387,0.06864655017852783
2025-03-07 02:15:32.968786,320,240,20,20,5.666220269131008,0.0015969761880114675,0.006923720706254244,0.0021293016616255045,0.16671304404735565,-9.169217109680176,0.2059396505355835
2025-03-07 02:15:33.005634,320,240,20,20,5.624500267149415,0.005324999336153269,-0.006391395349055529,0.0,0.34323275089263916,-9.169217109680176,0.18632633984088898
2025-03-07 02:15:33.042310,320,240,20,20,5.639440267859027,-0.0010646508308127522,-0.0010646508308127522,0.0031956976745277643,0.3628460466861725,-9.169217109680176,0.2059396505355835
2025-03-07 02:15:33.077489,320,240,20,20,5.639570267865201,0.003728023264557123,-0.0026616270188242197,0.005859069991856813,0.3824593424797058,-9.169217109680176,-0.029419949278235435
2025-03-07 02:15:33.109378,320,240,20,20,5.639300267852377,0.013315116055309772,-0.013315116055309772,0.0,0.18632633984088898,-9.149603843688965,-0.04903324693441391
2025-03-07 02:15:33.138129,320,240,20,20,5.67891276973387,0.012250465340912342,-0.019174186512827873,0.0010646508308127522,0.22555294632911682,-9.169217109680176,0.16671304404735565
2025-03-07 02:15:33.166932,320,240,20,20,5.670032769312092,0.0010646508308127522,-0.015446163713932037,-0.0005323254154063761,0.2059396505355835,-9.169217109680176,0.08825984597206116
2025-03-07 02:15:33.197004,320,240,20,20,5.638257767802861,0.007456046529114246,-0.0015969761880114675,-0.0005323254154063761,0.32361945509910583,-9.149603843688965,0.08825984597206116
2025-03-07 02:15:33.235544,320,240,20,20,5.658287768754235,0.004260348621755838,0.006391395349055529,0.003728023264557123,0.3824593424797058,-9.188830375671387,0.26477953791618347
2025-03-07 02:15:33.265093,320,240,20,20,5.633715267587104,-0.0005323254154063761,0.008520697243511677,0.0021293016616255045,0.3040061295032501,-9.188830375671387,0.0
2025-03-07 02:15:33.300577,320,240,20,20,5.672732769440335,-0.006923720706254244,0.0010646508308127522,0.0015969761880114675,0.18632633984088898,-9.169217109680176,0.18632633984088898
2025-03-07 02:15:33.330628,320,240,20,20,5.601097766037856,-0.017577210441231728,0.0010646508308127522,0.0031956976745277643,0.2059396505355835,-9.149603843688965,-0.08825984597206116
2025-03-07 02:15:33.367706,320,240,20,20,5.627625267297844,-0.033023372292518616,-0.011718139983713627,0.0031956976745277643,0.26477953791618347,-9.247671127319336,0.0
2025-03-07 02:15:33.397444,320,240,20,20,5.683315269942978,-0.011184069328010082,-0.005324999336153269,0.0005323254154063761,0.5883989930152893,-9.110377311706543,-0.3040061295032501
2025-03-07 02:15:33.435332,320,240,20,20,5.646237768181891,-0.009054767899215221,-0.0026616270188242197,-0.0021293016616255045,0.3040061295032501,-9.149603843688965,-0.04903324693441391
2025-03-07 02:15:33.465880,320,240,20,20,5.646137768177141,0.024500930681824684,-0.017577210441231728,0.0010646508308127522,-0.34323275089263916,-9.188830375671387,-0.18632633984088898
2025-03-07 02:15:33.498394,320,240,20,20,5.688020270166453,0.019174186512827873,0.0,0.0031956976745277643,0.47071918845176697,-9.188830375671387,0.45110589265823364
2025-03-07 02:15:33.534419,320,240,20,20,5.628300267329905,-0.04846953600645065,0.005324999336153269,0.0026616270188242197,0.5491724014282227,-9.149603843688965,0.7845319509506226
2025-03-07 02:15:33.564541,320,240,20,20,5.6199952669354385,-0.0415458157658577,-0.04101349040865898,0.0,-0.3040061295032501,-9.267284393310547,-0.5883989930152893
2025-03-07 02:15:33.602942,320,240,20,20,5.655052768600581,0.01970651187002659,-0.04900360852479935,-0.005324999336153269,-0.10787314921617508,-9.247671127319336,-0.16671304404735565
2025-03-07 02:15:33.633692,320,240,20,20,5.679347769754531,0.0,-0.03781779482960701,0.004260348621755838,0.45110589265823364,-9.05153751373291,-0.26477953791618347
2025-03-07 02:15:33.664948,320,240,20,20,5.688837770205282,-0.04634023457765579,-0.029827676713466644,-0.0005323254154063761,0.10787314921617508,-9.32612419128418,-0.009806649759411812
2025-03-07 02:15:33.702860,320,240,20,20,5.664497769049194,0.02929535135626793,-0.040481165051460266,0.003728023264557123,0.2059396505355835,-9.110377311706543,-0.04903324693441391
2025-03-07 02:15:33.732689,320,240,20,20,5.725600271951407,0.056991979479789734,-0.056991979479789734,0.005324999336153269,0.08825984597206116,-8.845598220825195,-0.6472389101982117
2025-03-07 02:15:33.765066,320,240,20,20,5.6901077702656035,0.08895070105791092,-0.09640849381685257,-0.0010646508308127522,0.06864655017852783,-9.169217109680176,-0.24516624212265015
2025-03-07 02:15:33.801556,320,240,20,20,5.71489027144271,-0.06817779690027237,-0.10865896195173264,-0.009587093256413937,0.24516624212265015,-9.728196144104004,-0.18632633984088898
2025-03-07 02:15:33.830397,320,240,20,20,5.69119027031702,0.05113290995359421,-0.10279989242553711,-0.0010646508308127522,0.725692093372345,-9.05153751373291,-0.029419949278235435
2025-03-07 02:15:33.870208,320,240,20,20,5.70718777107686,0.02077290788292885,-0.07563558965921402,0.005324999336153269,1.010084867477417,-9.473223686218262,-0.22555294632911682
2025-03-07 02:15:33.899532,320,240,20,20,5.737742772528145,0.10066884011030197,-0.062318723648786545,0.015446163713932037,0.4314925968647003,-9.512450218200684,0.627625584602356
2025-03-07 02:15:33.933126,320,240,20,20,5.71419277140958,0.2721823453903198,-0.0740368664264679,0.016510814428329468,0.127486452460289,-8.825984954833984,0.509945809841156
2025-03-07 02:15:33.971658,320,240,20,20,5.733200272312388,-0.10386628657579422,-0.08522267639636993,-0.003728023264557123,-0.32361945509910583,-8.982891082763672,0.411879301071167
2025-03-07 02:15:34.008622,320,240,20,20,5.745160272880457,-0.12304047495126724,-0.09214814752340317,-0.005859069991856813,0.24516624212265015,-8.865211486816406,0.9512450098991394
2025-03-07 02:15:34.043334,320,240,20,20,5.714110271405661,-0.18908897042274475,-0.10812663286924362,-0.012782790698111057,-0.06864655017852783,-9.0319242477417,0.26477953791618347
2025-03-07 02:15:34.073600,320,240,20,20,5.730812772198988,-0.1635216325521469,-0.15340222418308258,-0.009587093256413937,-0.04903324693441391,-8.845598220825195,-1.431770920753479
2025-03-07 02:15:34.102578,320,240,20,20,5.776550274371402,0.06551442295312881,-0.13262930512428284,-0.012250465340912342,0.2843928337097168,-9.090764045715332,0.3040061295032501
2025-03-07 02:15:34.131852,320,240,20,20,5.7778727744342175,-0.10599558800458908,-0.10333221405744553,-0.003728023264557123,0.725692093372345,-8.924051284790039,0.9512450098991394
2025-03-07 02:15:34.165426,320,240,20,20,5.847930277761771,0.04793721064925194,-0.075103260576725,0.006391395349055529,0.3628460466861725,-8.992697715759277,1.0296982526779175
2025-03-07 02:15:34.201971,320,240,20,20,5.756205273405067,0.08735372871160507,-0.021305233240127563,0.018109535798430443,0.029419949278235435,-9.012310981750488,0.45110589265823364
2025-03-07 02:15:34.232188,320,240,20,20,5.839545277363504,-0.0415458157658577,-0.04527384042739868,-0.012782790698111057,0.06864655017852783,-9.32612419128418,0.26477953791618347
2025-03-07 02:15:34.270967,320,240,20,20,5.784845274765393,-0.14860780537128448,-0.014913838356733322,-0.004260348621755838,0.8727918267250061,-9.208444595336914,1.186604619026184
2025-03-07 02:15:34.307524,320,240,20,20,5.791252775069734,0.034088023006916046,-0.006923720706254244,0.009587093256413937,0.5295590758323669,-8.72791862487793,1.4709974527359009
2025-03-07 02:15:34.345494,320,240,20,20,5.759185273546609,-0.03462209552526474,-0.018641861155629158,0.0005323254154063761,0.5883989930152893,-9.149603843688965,-1.1277647018432617
2025-03-07 02:15:34.384337,320,240,20,20,5.7888277749545525,0.16139233112335205,0.007988371886312962,0.010651743970811367,0.4903324842453003,-9.090764045715332,-0.14709974825382233
2025-03-07 02:15:34.423324,320,240,20,20,5.8226652765617475,0.18802431225776672,0.02929535135626793,0.018641861155629158,0.8139519095420837,-9.110377311706543,-0.009806649759411812
2025-03-07 02:15:34.461206,320,240,20,20,5.827325276783085,-0.05166523531079292,-0.011718139983713627,-0.005324999336153269,0.06864655017852783,-8.669078826904297,0.127486452460289
2025-03-07 02:15:34.503750,320,240,20,20,5.788965274961083,0.1267702430486679,-0.04207814112305641,0.012250465340912342,0.5491724014282227,-9.129990577697754,0.8924051523208618
2025-03-07 02:15:34.544922,320,240,20,20,5.808982775911863,-0.02609965205192566,0.05539500340819359,0.0031956976745277643,0.26477953791618347,-8.708305358886719,-0.24516624212265015
2025-03-07 02:15:34.585814,320,240,20,20,5.867852778708039,0.10439860820770264,0.056991979479789734,0.01970651187002659,0.127486452460289,-9.286897659301758,-1.2944778203964233
2025-03-07 02:15:34.625381,320,240,20,20,5.822007776530517,0.04687255993485451,-0.009054767899215221,-0.007456046529114246,0.411879301071167,-9.129990577697754,0.7649186849594116
2025-03-07 02:15:34.663936,320,240,20,20,5.822127776536218,0.008520697243511677,-0.037283722311258316,0.007988371886312962,0.24516624212265015,-9.228057861328125,1.2258312702178955
2025-03-07 02:15:34.707574,320,240,20,20,5.857772778229264,-0.1773708313703537,-0.056991979479789734,-0.013315116055309772,0.2059396505355835,-9.0319242477417,-0.08825984597206116
2025-03-07 02:15:34.747538,320,240,20,20,5.870867778851244,0.06551442295312881,-0.0697765126824379,-0.005859069991856813,-0.04903324693441391,-9.306510925292969,-0.24516624212265015
2025-03-07 02:15:34.784583,320,240,20,20,5.900957780280441,0.10386628657579422,-0.05645965412259102,0.011184069328010082,0.411879301071167,-9.090764045715332,0.2059396505355835
2025-03-07 02:15:34.825232,320,240,20,20,5.9232902813411785,0.04527384042739868,-0.02396860532462597,0.006923720706254244,0.029419949278235435,-9.149603843688965,1.0493115186691284
2025-03-07 02:15:34.865374,320,240,20,20,5.942370282247429,-0.006923720706254244,-0.008520697243511677,0.0,-0.14709974825382233,-9.32612419128418,1.5102241039276123
2025-03-07 02:15:34.905717,320,240,20,20,5.898640280170366,-0.061254072934389114,0.02716430276632309,0.0015969761880114675,0.06864655017852783,-9.188830375671387,0.8139519095420837
2025-03-07 02:15:34.948839,320,240,20,20,5.864345278541441,0.019174186512827873,0.09054942429065704,0.004792673978954554,0.411879301071167,-9.149603843688965,-0.18632633984088898
2025-03-07 02:15:34.992336,320,240,20,20,5.86144277840358,0.05326395481824875,0.07137349247932434,0.007988371886312962,0.22555294632911682,-9.149603843688965,-0.6668521761894226
2025-03-07 02:15:35.039956,320,240,20,20,5.879240279248916,0.03462209552526474,0.013847441412508488,0.0026616270188242197,0.34323275089263916,-9.149603843688965,0.0
2025-03-07 02:15:35.078919,320,240,20,20,5.901350280299084,-0.017043139785528183,-0.05432860553264618,0.003728023264557123,-0.10787314921617508,-9.149603843688965,0.2843928337097168
2025-03-07 02:15:35.122785,320,240,20,20,5.90428278043837,0.04793721064925194,-0.04740488529205322,0.003728023264557123,0.04903324693441391,-9.188830375671387,0.3628460466861725
2025-03-07 02:15:35.161866,320,240,20,20,5.865787778609956,-0.004260348621755838,0.0026616270188242197,0.004260348621755838,0.18632633984088898,-9.188830375671387,0.7453053593635559
2025-03-07 02:15:35.197793,320,240,20,20,5.842022777481179,-0.01970651187002659,0.04846953600645065,0.0,0.3824593424797058,-9.188830375671387,0.5491724014282227
2025-03-07 02:16:10.520716,320,240,20,20,6.2288977958567555,0.0,-0.004792673978954554,0.004260348621755838,0.2843928337097168,-9.169217109680176,0.10787314921617508
2025-03-07 02:16:10.574705,320,240,20,20,5.875957779093005,-0.0031956976745277643,-0.009587093256413937,0.0031956976745277643,0.2843928337097168,-9.169217109680176,0.14709974825382233
2025-03-07 02:16:10.623341,320,240,20,20,5.958700283023063,-0.0021293016616255045,-0.0005323254154063761,0.003728023264557123,0.2843928337097168,-9.169217109680176,0.10787314921617508
2025-03-07 02:16:10.667048,320,240,20,20,5.924227781385707,-0.0031956976745277643,-0.004260348621755838,0.004260348621755838,0.3040061295032501,-9.169217109680176,0.10787314921617508
2025-03-07 02:16:10.700346,320,240,20,20,5.859717778321647,0.0015969761880114675,-0.005324999336153269,-0.0005323254154063761,0.3040061295032501,-9.169217109680176,0.10787314921617508
2025-03-07 02:16:10.731828,320,240,20,20,5.9079952806147045,0.0010646508308127522,-0.004792673978954554,-0.0005323254154063761,0.2843928337097168,-9.188830375671387,0.10787314921617508
2025-03-07 02:16:10.762277,320,240,20,20,5.842325277495547,-0.004260348621755838,-0.005324999336153269,-0.0005323254154063761,0.2843928337097168,-9.169217109680176,0.10787314921617508
2025-03-07 02:16:10.792947,320,240,20,20,5.859375278305379,-0.0031956976745277643,-0.005324999336153269,0.0026616270188242197,0.3040061295032501,-9.149603843688965,0.10787314921617508
2025-03-07 02:16:10.823381,320,240,20,20,5.948122782520659,0.0010646508308127522,-0.0015969761880114675,0.0015969761880114675,0.3040061295032501,-9.169217109680176,0.127486452460289
2025-03-07 02:16:10.856152,320,240,20,20,5.858982778286736,-0.0010646508308127522,-0.006391395349055529,0.0010646508308127522,0.2843928337097168,-9.169217109680176,0.10787314921617508
2025-03-07 02:16:10.891885,320,240,20,20,5.8534827780255,0.0,-0.008520697243511677,0.0005323254154063761,0.2843928337097168,-9.169217109680176,0.08825984597206116
2025-03-07 02:16:10.922506,320,240,20,20,5.885442779543519,0.0,-0.007988371886312962,0.0010646508308127522,0.2843928337097168,-9.169217109680176,0.10787314921617508
2025-03-07 02:16:10.955822,320,240,20,20,5.905762780508667,0.0,-0.0031956976745277643,0.0026616270188242197,0.2843928337097168,-9.169217109680176,0.127486452460289
2025-03-07 02:16:10.994843,320,240,20,20,5.880457779306743,-0.0005323254154063761,-0.0005323254154063761,0.003728023264557123,0.2843928337097168,-9.169217109680176,0.10787314921617508
2025-03-07 02:16:11.050348,320,240,20,20,5.911822780796501,-0.0031956976745277643,-0.007456046529114246,0.003728023264557123,0.2843928337097168,-9.188830375671387,0.08825984597206116
2025-03-07 02:16:11.110792,320,240,20,20,5.922615281309118,-0.0015969761880114675,-0.0026616270188242197,0.0021293016616255045,0.2843928337097168,-9.169217109680176,0.10787314921617508
2025-03-07 02:16:11.157767,320,240,20,20,5.898567780166923,0.0010646508308127522,-0.003728023264557123,0.0031956976745277643,0.2843928337097168,-9.169217109680176,0.10787314921617508
2025-03-07 02:16:11.202284,320,240,20,20,5.918580281117466,-0.005859069991856813,-0.008520697243511677,0.0031956976745277643,0.2843928337097168,-9.169217109680176,0.10787314921617508
2025-03-07 02:16:11.248433,320,240,20,20,5.898220280150417,0.0015969761880114675,-0.003728023264557123,0.0015969761880114675,0.2843928337097168,-9.188830375671387,0.10787314921617508
2025-03-07 02:16:11.295757,320,240,20,20,5.870110278815264,0.0015969761880114675,-0.006923720706254244,0.0005323254154063761,0.2843928337097168,-9.169217109680176,0.10787314921617508
2025-03-07 02:16:11.346335,320,240,20,20,5.845785277659888,-0.003728023264557123,-0.006923720706254244,0.0010646508308127522,0.2843928337097168,-9.169217109680176,0.10787314921617508
2025-03-07 02:16:11.391488,320,240,20,20,5.85491527809354,-0.0026616270188242197,-0.006391395349055529,0.0015969761880114675,0.2843928337097168,-9.169217109680176,0.10787314921617508
2025-03-07 02:16:11.433939,320,240,20,20,5.864342778541323,-0.0026616270188242197,-0.004260348621755838,0.005324999336153269,0.3040061295032501,-9.169217109680176,0.08825984597206116
2025-03-07 02:16:11.475595,320,240,20,20,5.890025279761176,0.0021293016616255045,-0.007456046529114246,0.0015969761880114675,0.2843928337097168,-9.169217109680176,0.10787314921617508
2025-03-07 02:16:11.515017,320,240,20,20,5.897865280133556,-0.006391395349055529,-0.006391395349055529,0.0021293016616255045,0.2843928337097168,-9.169217109680176,0.10787314921617508
2025-03-07 02:16:11.551370,320,240,20,20,5.937975282038678,-0.0021293016616255045,-0.004792673978954554,-0.0010646508308127522,0.2843928337097168,-9.169217109680176,0.10787314921617508
2025-03-07 02:16:11.593143,320,240,20,20,5.890985279806773,0.0,-0.005324999336153269,0.0026616270188242197,0.2843928337097168,-9.188830375671387,0.127486452460289
2025-03-07 02:16:11.630305,320,240,20,20,5.948910282558063,-0.005324999336153269,-0.007456046529114246,0.0010646508308127522,0.2843928337097168,-9.188830375671387,0.10787314921617508
2025-03-07 02:16:11.663730,320,240,20,20,5.88916027972009,-0.0021293016616255045,-0.009054767899215221,0.0015969761880114675,0.2843928337097168,-9.169217109680176,0.10787314921617508
2025-03-07 02:16:11.692844,320,240,20,20,5.883677779459686,-0.0015969761880114675,-0.0031956976745277643,-0.0005323254154063761,0.3040061295032501,-9.188830375671387,0.10787314921617508
2025-03-07 02:16:11.723312,320,240,20,20,5.89602528004616,-0.0005323254154063761,-0.005324999336153269,0.0015969761880114675,0.2843928337097168,-9.169217109680176,0.10787314921617508
2025-03-07 02:16:11.758086,320,240,20,20,5.863912778520898,0.0010646508308127522,-0.0031956976745277643,0.0026616270188242197,0.2843928337097168,-9.188830375671387,0.127486452460289
2025-03-07 02:16:11.792611,320,240,20,20,5.883300279441755,-0.0015969761880114675,-0.005859069991856813,0.0015969761880114675,0.2843928337097168,-9.169217109680176,0.127486452460289
2025-03-07 02:16:11.824200,320,240,20,20,5.93707778199605,-0.003728023264557123,-0.0026616270188242197,-0.0031956976745277643,0.32361945509910583,-9.169217109680176,0.08825984597206116
2025-03-07 02:16:11.861065,320,240,20,20,5.84691777771368,-0.0010646508308127522,-0.004792673978954554,0.0031956976745277643,0.2843928337097168,-9.169217109680176,0.08825984597206116
2025-03-07 02:16:11.891283,320,240,20,20,5.917032781043963,0.0,-0.003728023264557123,-0.0005323254154063761,0.2843928337097168,-9.188830375671387,0.10787314921617508
2025-03-07 02:16:11.931529,320,240,20,20,5.8776127791716135,0.0015969761880114675,-0.005324999336153269,0.0,0.2843928337097168,-9.169217109680176,0.10787314921617508
2025-03-07 02:16:11.968920,320,240,20,20,5.922602781308524,0.0005323254154063761,-0.008520697243511677,0.003728023264557123,0.2843928337097168,-9.169217109680176,0.14709974825382233
2025-03-07 02:16:12.000524,320,240,20,20,5.8640427785270735,-0.004260348621755838,-0.005324999336153269,0.0,0.2843928337097168,-9.169217109680176,0.127486452460289
2025-03-07 02:16:12.029237,320,240,20,20,5.9309652817057215,-0.0021293016616255045,-0.008520697243511677,0.004792673978954554,0.2843928337097168,-9.169217109680176,0.10787314921617508
2025-03-07 02:16:12.057867,320,240,20,20,5.873160278960131,-0.0031956976745277643,-0.004792673978954554,0.0021293016616255045,0.3040061295032501,-9.169217109680176,0.08825984597206116
2025-03-07 02:16:12.095553,320,240,20,20,5.915192780956568,0.0,-0.008520697243511677,-0.0005323254154063761,0.2843928337097168,-9.188830375671387,0.10787314921617508
2025-03-07 02:16:12.125413,320,240,20,20,5.868912778758386,0.0,0.0010646508308127522,0.004260348621755838,0.2843928337097168,-9.169217109680176,0.127486452460289
2025-03-07 02:16:12.157490,320,240,20,20,5.87268527893757,-0.0026616270188242197,-0.006391395349055529,0.003728023264557123,0.3040061295032501,-9.169217109680176,0.127486452460289
2025-03-07 02:16:12.195633,320,240,20,20,5.859707778321171,-0.0026616270188242197,-0.009587093256413937,0.0010646508308127522,0.3040061295032501,-9.169217109680176,0.127486452460289
2025-03-07 02:16:12.226529,320,240,20,20,5.9067952805577075,0.0005323254154063761,-0.005859069991856813,0.0031956976745277643,0.3040061295032501,-9.169217109680176,0.08825984597206116
2025-03-07 02:16:12.257753,320,240,20,20,5.903372780395148,-0.0005323254154063761,-0.009054767899215221,0.0031956976745277643,0.2843928337097168,-9.169217109680176,0.04903324693441391
2025-03-07 02:16:12.294002,320,240,20,20,5.93789278203476,-0.0021293016616255045,-0.005324999336153269,-0.0010646508308127522,0.2843928337097168,-9.169217109680176,0.10787314921617508
2025-03-07 02:16:12.333657,320,240,20,20,5.864320278540253,-0.0010646508308127522,-0.009054767899215221,-0.0005323254154063761,0.2843928337097168,-9.169217109680176,0.14709974825382233
2025-03-07 02:16:12.374926,320,240,20,20,5.88456527950184,-0.003728023264557123,-0.008520697243511677,0.004260348621755838,0.2843928337097168,-9.169217109680176,0.16671304404735565
2025-03-07 02:16:12.416644,320,240,20,20,5.945707782405952,-0.0021293016616255045,-0.006391395349055529,0.005859069991856813,0.2843928337097168,-9.169217109680176,0.10787314921617508
2025-03-07 02:16:12.456627,320,240,20,20,5.8850177795233325,-0.0015969761880114675,-0.0021293016616255045,0.0021293016616255045,0.3040061295032501,-9.169217109680176,0.06864655017852783
2025-03-07 02:16:12.494675,320,240,20,20,5.937677782024548,0.0015969761880114675,-0.008520697243511677,0.0026616270188242197,0.3040061295032501,-9.169217109680176,0.08825984597206116
2025-03-07 02:16:12.534171,320,240,20,20,5.876122779100842,0.0021293016616255045,-0.005324999336153269,0.0015969761880114675,0.2843928337097168,-9.169217109680176,0.127486452460289
2025-03-07 02:16:12.573841,320,240,20,20,5.855712778131419,-0.0015969761880114675,-0.011184069328010082,0.0015969761880114675,0.3040061295032501,-9.169217109680176,0.14709974825382233
2025-03-07 02:16:12.611406,320,240,20,20,5.89759778012085,-0.0026616270188242197,-0.0031956976745277643,-0.0010646508308127522,0.3040061295032501,-9.149603843688965,0.127486452460289
2025-03-07 02:16:12.651756,320,240,20,20,5.838832777329662,-0.0031956976745277643,-0.0026616270188242197,0.0005323254154063761,0.2843928337097168,-9.169217109680176,0.06864655017852783
2025-03-07 02:16:12.690448,320,240,20,20,5.902375280347769,0.0,-0.006391395349055529,0.0021293016616255045,0.2843928337097168,-9.169217109680176,0.009806649759411812
2025-03-07 02:16:12.726424,320,240,20,20,5.904277780438133,0.0021293016616255045,-0.005324999336153269,0.0010646508308127522,0.2843928337097168,-9.169217109680176,0.08825984597206116
2025-03-07 02:16:12.758226,320,240,20,20,5.858395278258831,-0.0026616270188242197,-0.008520697243511677,0.005324999336153269,0.2843928337097168,-9.149603843688965,0.14709974825382233
2025-03-07 02:16:12.787218,320,240,20,20,5.805115275728167,-0.004792673978954554,-0.006391395349055529,-0.0015969761880114675,0.2843928337097168,-9.169217109680176,0.10787314921617508
2025-03-07 02:16:12.816187,320,240,20,20,5.942417782249686,-0.003728023264557123,-0.005324999336153269,0.0010646508308127522,0.2843928337097168,-9.169217109680176,0.08825984597206116
2025-03-07 02:16:12.845137,320,240,20,20,5.919617781166744,0.0021293016616255045,-0.008520697243511677,0.0026616270188242197,0.3040061295032501,-9.169217109680176,0.08825984597206116
2025-03-07 02:16:12.873803,320,240,20,20,5.91757528106973,0.0015969761880114675,-0.006391395349055529,0.0031956976745277643,0.2843928337097168,-9.169217109680176,0.08825984597206116
2025-03-07 02:16:12.903139,320,240,20,20,5.883930279471679,-0.0005323254154063761,-0.005324999336153269,0.0010646508308127522,0.2843928337097168,-9.188830375671387,0.08825984597206116
2025-03-07 02:16:12.932401,320,240,20,20,5.869112778767885,-0.0010646508308127522,-0.007456046529114246,0.006391395349055529,0.2843928337097168,-9.169217109680176,0.14709974825382233
2025-03-07 02:16:12.961136,320,240,20,20,5.9521627827125485,-0.0026616270188242197,-0.006391395349055529,0.0026616270188242197,0.2843928337097168,-9.169217109680176,0.18632633984088898
2025-03-07 02:16:12.990532,320,240,20,20,5.917330281058094,-0.003728023264557123,-0.010119418613612652,0.0010646508308127522,0.2843928337097168,-9.188830375671387,0.10787314921617508
2025-03-07 02:16:13.026582,320,240,20,20,5.87642527911521,0.0005323254154063761,-0.005859069991856813,-0.0010646508308127522,0.2843928337097168,-9.169217109680176,0.04903324693441391
2025-03-07 02:16:13.059632,320,240,20,20,5.903805280415691,-0.0005323254154063761,-0.007456046529114246,0.0,0.2843928337097168,-9.149603843688965,0.04903324693441391
2025-03-07 02:16:13.097908,320,240,20,20,5.871475278880098,-0.0015969761880114675,-0.003728023264557123,0.004260348621755838,0.2843928337097168,-9.169217109680176,0.127486452460289
2025-03-07 02:16:13.134098,320,240,20,20,5.896917780088552,-0.0015969761880114675,-0.007988371886312962,0.0021293016616255045,0.2843928337097168,-9.169217109680176,0.14709974825382233
2025-03-07 02:16:13.171106,320,240,20,20,5.846162777677819,-0.003728023264557123,-0.006391395349055529,0.0,0.2843928337097168,-9.169217109680176,0.127486452460289
2025-03-07 02:16:13.209232,320,240,20,20,5.843437777548388,-0.003728023264557123,-0.006923720706254244,0.004260348621755838,0.2843928337097168,-9.149603843688965,0.10787314921617508
2025-03-07 02:16:13.245462,320,240,20,20,5.856657778176304,-0.0021293016616255045,-0.004792673978954554,0.0026616270188242197,0.2843928337097168,-9.169217109680176,0.06864655017852783
2025-03-07 02:16:13.281005,320,240,20,20,5.8604027783541826,0.0026616270188242197,-0.006923720706254244,0.0026616270188242197,0.2843928337097168,-9.169217109680176,0.04903324693441391
2025-03-07 02:16:13.318214,320,240,20,20,5.861540278408211,0.0010646508308127522,-0.005324999336153269,0.003728023264557123,0.2843928337097168,-9.169217109680176,0.08825984597206116
2025-03-07 02:16:13.353309,320,240,20,20,5.892200279864483,-0.0010646508308127522,-0.011184069328010082,0.0005323254154063761,0.2843928337097168,-9.169217109680176,0.14709974825382233
2025-03-07 02:16:13.384048,320,240,20,20,5.858167778248026,0.0005323254154063761,-0.004260348621755838,0.0021293016616255045,0.2843928337097168,-9.169217109680176,0.16671304404735565
2025-03-07 02:16:13.413129,320,240,20,20,5.908695280647953,-0.003728023264557123,-0.0005323254154063761,0.0010646508308127522,0.2843928337097168,-9.169217109680176,0.06864655017852783
2025-03-07 02:16:13.442139,320,240,20,20,5.888932779709284,-0.003728023264557123,-0.009054767899215221,0.0015969761880114675,0.2843928337097168,-9.169217109680176,0.04903324693441391
2025-03-07 02:16:13.470950,320,240,20,20,5.885650279553374,0.0,-0.004260348621755838,0.0010646508308127522,0.2843928337097168,-9.169217109680176,0.06864655017852783
2025-03-07 02:16:13.500176,320,240,20,20,5.835995277194888,0.0010646508308127522,-0.0031956976745277643,0.0031956976745277643,0.2843928337097168,-9.149603843688965,0.14709974825382233
2025-03-07 02:16:13.528981,320,240,20,20,5.851282777921005,-0.0010646508308127522,-0.005324999336153269,0.0031956976745277643,0.2843928337097168,-9.169217109680176,0.14709974825382233
2025-03-07 02:16:13.557677,320,240,20,20,5.8691452787694285,-0.004792673978954554,-0.012782790698111057,0.0021293016616255045,0.2843928337097168,-9.169217109680176,0.14709974825382233
2025-03-07 02:16:13.593799,320,240,20,20,5.86882527875423,-0.005324999336153269,-0.004260348621755838,-0.0010646508308127522,0.2843928337097168,-9.169217109680176,0.10787314921617508
2025-03-07 02:16:13.626693,320,240,20,20,5.841330277448288,-0.003728023264557123,-0.006391395349055529,0.0010646508308127522,0.3040061295032501,-9.188830375671387,0.04903324693441391
2025-03-07 02:16:13.659311,320,240,20,20,5.869360278779641,-0.0015969761880114675,-0.010651743970811367,0.0021293016616255045,0.2843928337097168,-9.169217109680176,0.08825984597206116
2025-03-07 02:16:13.694248,320,240,20,20,5.871222778868105,0.0,-0.010651743970811367,0.0015969761880114675,0.2843928337097168,-9.188830375671387,0.14709974825382233
2025-03-07 02:16:13.726187,320,240,20,20,5.843780277564656,-0.005859069991856813,-0.003728023264557123,0.0026616270188242197,0.2843928337097168,-9.169217109680176,0.16671304404735565
2025-03-07 02:16:13.761012,320,240,20,20,5.866077778623731,0.0,-0.006923720706254244,0.003728023264557123,0.2843928337097168,-9.188830375671387,0.14709974825382233
2025-03-07 02:16:13.792938,320,240,20,20,5.87226777891774,-0.006391395349055529,-0.0031956976745277643,0.0031956976745277643,0.3040061295032501,-9.149603843688965,0.06864655017852783
2025-03-07 02:16:13.828886,320,240,20,20,5.862957778475538,0.0015969761880114675,-0.0026616270188242197,0.0031956976745277643,0.3040061295032501,-9.169217109680176,0.08825984597206116
2025-03-07 02:16:13.860032,320,240,20,20,5.948782782552007,-0.0031956976745277643,-0.007456046529114246,-0.0015969761880114675,0.3040061295032501,-9.169217109680176,0.10787314921617508
2025-03-07 02:16:13.893502,320,240,20,20,5.848675277797156,-0.0031956976745277643,-0.007456046529114246,0.0015969761880114675,0.3040061295032501,-9.169217109680176,0.10787314921617508
2025-03-07 02:16:13.926507,320,240,20,20,5.878955279235379,-0.0026616270188242197,-0.005859069991856813,0.0021293016616255045,0.3040061295032501,-9.169217109680176,0.14709974825382233
2025-03-07 02:16:13.961729,320,240,20,20,5.965622783351864,-0.005859069991856813,-0.007456046529114246,0.0005323254154063761,0.3040061295032501,-9.149603843688965,0.14709974825382233
2025-03-07 02:16:13.992133,320,240,20,20,5.861610278411535,-0.004792673978954554,-0.007988371886312962,0.0021293016616255045,0.2843928337097168,-9.169217109680176,0.08825984597206116
2025-03-07 02:16:14.030567,320,240,20,20,5.9126077808337865,0.003728023264557123,-0.006391395349055529,0.004792673978954554,0.2843928337097168,-9.169217109680176,0.04903324693441391
2025-03-07 02:16:14.059915,320,240,20,20,5.885325279537938,0.0,-0.006391395349055529,0.0015969761880114675,0.3040061295032501,-9.169217109680176,0.08825984597206116
2025-03-07 02:16:14.092799,320,240,20,20,5.865915278616012,0.0005323254154063761,-0.005859069991856813,-0.0005323254154063761,0.2843928337097168,-9.169217109680176,0.127486452460289
2025-03-07 02:16:14.129458,320,240,20,20,5.898717780174048,-0.0026616270188242197,-0.006391395349055529,-0.0005323254154063761,0.2843928337097168,-9.169217109680176,0.14709974825382233
2025-03-07 02:16:14.158933,320,240,20,20,5.901135280288872,-0.004792673978954554,-0.007456046529114246,0.0031956976745277643,0.2843928337097168,-9.169217109680176,0.10787314921617508
2025-03-07 02:16:14.197537,320,240,20,20,5.9087027806483094,0.0,-0.005324999336153269,0.0015969761880114675,0.2843928337097168,-9.169217109680176,0.08825984597206116
2025-03-07 02:16:14.227601,320,240,20,20,5.853247778014338,0.0010646508308127522,-0.0005323254154063761,0.0021293016616255045,0.2843928337097168,-9.169217109680176,0.06864655017852783
2025-03-07 02:16:14.258069,320,240,20,20,5.9314977817310135,-0.004260348621755838,-0.009054767899215221,0.0005323254154063761,0.2843928337097168,-9.169217109680176,0.08825984597206116
2025-03-07 02:16:14.301144,320,240,20,20,5.950372782627528,0.003728023264557123,-0.004260348621755838,0.0005323254154063761,0.2843928337097168,-9.169217109680176,0.127486452460289
2025-03-07 02:16:14.338229,320,240,20,20,5.924057781377632,-0.0015969761880114675,-0.003728023264557123,0.0021293016616255045,0.2843928337097168,-9.169217109680176,0.16671304404735565
2025-03-07 02:16:14.375857,320,240,20,20,5.9221802812884565,-0.004260348621755838,-0.007456046529114246,0.0031956976745277643,0.2843928337097168,-9.169217109680176,0.127486452460289
2025-03-07 02:16:14.412932,320,240,20,20,5.908337780630973,-0.004260348621755838,-0.005859069991856813,0.004260348621755838,0.2843928337097168,-9.188830375671387,0.06864655017852783
