2025-03-07 02:13:55.804567,320,240,20,20,6.474970307544572,0.0,-0.0015969761880114675,0.0,0.26477953791618347,-9.169217109680176,0.127486452460289
2025-03-07 02:13:55.843702,320,240,20,20,6.0959402895416135,-0.0026616270188242197,-0.004792673978954554,0.0,0.26477953791618347,-9.169217109680176,0.127486452460289
2025-03-07 02:13:55.878114,320,240,20,20,6.162780292716343,-0.0010646508308127522,-0.006391395349055529,0.0010646508308127522,0.26477953791618347,-9.188830375671387,0.127486452460289
2025-03-07 02:13:55.910583,320,240,20,20,6.095872789538407,0.0010646508308127522,-0.0026616270188242197,0.0,0.2843928337097168,-9.169217109680176,0.10787314921617508
2025-03-07 02:13:55.944116,320,240,20,20,6.143135291783255,-0.0026616270188242197,-0.006923720706254244,0.004260348621755838,0.26477953791618347,-9.169217109680176,0.127486452460289
2025-03-07 02:13:55.976486,320,240,20,20,6.180640293564648,0.0,-0.003728023264557123,-0.0005323254154063761,0.2843928337097168,-9.169217109680176,0.127486452460289
2025-03-07 02:13:56.008315,320,240,20,20,6.04669778720272,0.0021293016616255045,-0.0031956976745277643,0.0031956976745277643,0.26477953791618347,-9.188830375671387,0.127486452460289
2025-03-07 02:13:56.039570,320,240,20,20,6.0816002888605,-0.004260348621755838,-0.003728023264557123,0.005859069991856813,0.2843928337097168,-9.208444595336914,0.127486452460289
2025-03-07 02:13:56.070750,320,240,20,20,6.148412792033923,-0.0021293016616255045,-0.0026616270188242197,0.0031956976745277643,0.2843928337097168,-9.169217109680176,0.10787314921617508
2025-03-07 02:13:56.101477,320,240,20,20,6.114902790442284,0.0026616270188242197,-0.003728023264557123,-0.0015969761880114675,0.26477953791618347,-9.169217109680176,0.127486452460289
2025-03-07 02:13:56.133915,320,240,20,20,6.183637793707021,-0.0031956976745277643,-0.011718139983713627,0.006923720706254244,0.26477953791618347,-9.169217109680176,0.127486452460289
2025-03-07 02:13:56.169026,320,240,20,20,6.188447793935484,-0.0010646508308127522,-0.007456046529114246,-0.0005323254154063761,0.26477953791618347,-9.188830375671387,0.14709974825382233
2025-03-07 02:13:56.202130,320,240,20,20,6.146775291956146,-0.0015969761880114675,-0.006391395349055529,0.0026616270188242197,0.24516624212265015,-9.188830375671387,0.127486452460289
2025-03-07 02:13:56.236531,320,240,20,20,6.114142790406186,-0.0021293016616255045,-0.004260348621755838,0.0021293016616255045,0.26477953791618347,-9.188830375671387,0.127486452460289
2025-03-07 02:13:56.269614,320,240,20,20,6.081340288848151,0.0031956976745277643,-0.004260348621755838,0.0031956976745277643,0.2843928337097168,-9.169217109680176,0.14709974825382233
2025-03-07 02:13:56.302949,320,240,20,20,6.155530292371987,0.003728023264557123,-0.005324999336153269,0.0021293016616255045,0.2843928337097168,-9.169217109680176,0.127486452460289
2025-03-07 02:13:56.336612,320,240,20,20,6.184562793750956,-0.0031956976745277643,-0.007456046529114246,0.0010646508308127522,0.2843928337097168,-9.188830375671387,0.14709974825382233
2025-03-07 02:13:56.369759,320,240,20,20,6.12366529085848,0.0005323254154063761,-0.005859069991856813,0.005324999336153269,0.2843928337097168,-9.169217109680176,0.16671304404735565
2025-03-07 02:13:56.403272,320,240,20,20,6.099905289729941,-0.0026616270188242197,-0.007456046529114246,0.0,0.26477953791618347,-9.169217109680176,0.127486452460289
2025-03-07 02:13:56.437694,320,240,20,20,6.093807789440325,-0.0021293016616255045,-0.005324999336153269,-0.0005323254154063761,0.26477953791618347,-9.169217109680176,0.14709974825382233
2025-03-07 02:13:56.469591,320,240,20,20,6.211877795048349,-0.0010646508308127522,-0.004792673978954554,0.0,0.2843928337097168,-9.169217109680176,0.10787314921617508
2025-03-07 02:13:56.527891,320,240,20,20,6.111610290285898,-0.0010646508308127522,-0.010119418613612652,0.004260348621755838,0.26477953791618347,-9.169217109680176,0.127486452460289
2025-03-07 02:13:56.591150,320,240,20,20,6.07459528852778,0.0010646508308127522,-0.006923720706254244,-0.0015969761880114675,0.26477953791618347,-9.169217109680176,0.14709974825382233
2025-03-07 02:13:56.633133,320,240,20,20,6.1344777913720465,-0.0021293016616255045,-0.008520697243511677,0.0,0.26477953791618347,-9.208444595336914,0.14709974825382233
2025-03-07 02:13:56.671037,320,240,20,20,6.133727791336423,-0.0031956976745277643,-0.006923720706254244,0.004792673978954554,0.26477953791618347,-9.169217109680176,0.127486452460289
2025-03-07 02:13:56.710249,320,240,20,20,6.091802789345093,0.0005323254154063761,-0.004792673978954554,0.0,0.2843928337097168,-9.188830375671387,0.127486452460289
2025-03-07 02:13:56.749621,320,240,20,20,6.0936777894341505,0.0010646508308127522,-0.005324999336153269,0.003728023264557123,0.2843928337097168,-9.169217109680176,0.14709974825382233
2025-03-07 02:13:56.788122,320,240,20,20,6.064617788053875,0.0,-0.0026616270188242197,0.0010646508308127522,0.26477953791618347,-9.188830375671387,0.127486452460289
2025-03-07 02:13:56.828844,320,240,20,20,6.100565289761289,0.0010646508308127522,-0.004792673978954554,0.0021293016616255045,0.2843928337097168,-9.188830375671387,0.127486452460289
2025-03-07 02:13:56.868439,320,240,20,20,6.1085777901418625,-0.0031956976745277643,-0.006391395349055529,0.0,0.2843928337097168,-9.169217109680176,0.10787314921617508
2025-03-07 02:13:56.904684,320,240,20,20,6.100392789753096,0.0021293016616255045,-0.0021293016616255045,0.0,0.26477953791618347,-9.149603843688965,0.10787314921617508
2025-03-07 02:13:56.946193,320,240,20,20,6.170272793072217,0.0005323254154063761,-0.003728023264557123,0.0005323254154063761,0.2843928337097168,-9.188830375671387,0.10787314921617508
2025-03-07 02:13:56.999475,320,240,20,20,6.1186902906221805,0.0005323254154063761,-0.0021293016616255045,0.005859069991856813,0.2843928337097168,-9.169217109680176,0.127486452460289
2025-03-07 02:13:57.062075,320,240,20,20,6.135595291425124,-0.0010646508308127522,-0.005859069991856813,0.005859069991856813,0.2843928337097168,-9.149603843688965,0.14709974825382233
2025-03-07 02:13:57.121590,320,240,20,20,6.1241002908791415,0.0005323254154063761,-0.008520697243511677,0.0021293016616255045,0.26477953791618347,-9.169217109680176,0.127486452460289
2025-03-07 02:13:57.180950,320,240,20,20,6.081130288838176,-0.0015969761880114675,-0.006391395349055529,-0.0010646508308127522,0.2843928337097168,-9.169217109680176,0.127486452460289
2025-03-07 02:13:57.241780,320,240,20,20,6.06741278818663,-0.0015969761880114675,-0.008520697243511677,0.0021293016616255045,0.26477953791618347,-9.169217109680176,0.127486452460289
2025-03-07 02:13:57.283865,320,240,20,20,6.042407786998956,-0.0010646508308127522,-0.007988371886312962,0.0015969761880114675,0.2843928337097168,-9.169217109680176,0.127486452460289
2025-03-07 02:13:57.315175,320,240,20,20,6.063032787978591,0.0031956976745277643,-0.007988371886312962,0.0026616270188242197,0.2843928337097168,-9.169217109680176,0.14709974825382233
2025-03-07 02:13:57.372475,320,240,20,20,6.157390292460332,-0.0010646508308127522,-0.008520697243511677,0.0026616270188242197,0.26477953791618347,-9.169217109680176,0.127486452460289
2025-03-07 02:13:57.435041,320,240,20,20,6.035602786675736,-0.0026616270188242197,-0.007988371886312962,-0.004260348621755838,0.26477953791618347,-9.188830375671387,0.127486452460289
2025-03-07 02:13:57.496647,320,240,20,20,6.064305288039032,-0.0005323254154063761,-0.006391395349055529,0.004260348621755838,0.2843928337097168,-9.169217109680176,0.127486452460289
2025-03-07 02:13:57.558673,320,240,20,20,6.196950294339331,-0.0015969761880114675,-0.004792673978954554,0.004260348621755838,0.26477953791618347,-9.169217109680176,0.127486452460289
2025-03-07 02:13:57.616619,320,240,20,20,6.091325289322413,0.0026616270188242197,-0.005859069991856813,0.004260348621755838,0.26477953791618347,-9.169217109680176,0.14709974825382233
2025-03-07 02:13:57.654179,320,240,20,20,6.062350287946174,0.0015969761880114675,-0.004260348621755838,0.004260348621755838,0.2843928337097168,-9.169217109680176,0.127486452460289
2025-03-07 02:13:57.683892,320,240,20,20,6.105955290017301,0.003728023264557123,-0.005859069991856813,0.0021293016616255045,0.26477953791618347,-9.169217109680176,0.14709974825382233
2025-03-07 02:13:57.728217,320,240,20,20,6.156367792411766,0.0015969761880114675,-0.004260348621755838,-0.0005323254154063761,0.26477953791618347,-9.188830375671387,0.16671304404735565
2025-03-07 02:13:57.782591,320,240,20,20,6.184157793731719,-0.0021293016616255045,-0.005859069991856813,0.0005323254154063761,0.2843928337097168,-9.188830375671387,0.14709974825382233
2025-03-07 02:13:57.826694,320,240,20,20,6.113997790399298,0.0010646508308127522,-0.004792673978954554,0.003728023264557123,0.26477953791618347,-9.188830375671387,0.127486452460289
2025-03-07 02:13:57.872390,320,240,20,20,6.133472791324311,-0.005324999336153269,-0.008520697243511677,0.0010646508308127522,0.26477953791618347,-9.149603843688965,0.127486452460289
2025-03-07 02:13:57.922166,320,240,20,20,6.14838029203238,0.0005323254154063761,-0.005859069991856813,0.0015969761880114675,0.2843928337097168,-9.188830375671387,0.127486452460289
2025-03-07 02:13:57.974045,320,240,20,20,6.066767788155994,-0.0015969761880114675,-0.008520697243511677,-0.0026616270188242197,0.26477953791618347,-9.169217109680176,0.14709974825382233
2025-03-07 02:13:58.020268,320,240,20,20,6.165327792837343,-0.0005323254154063761,0.0,0.0005323254154063761,0.26477953791618347,-9.169217109680176,0.14709974825382233
2025-03-07 02:13:58.052852,320,240,20,20,6.157730292476481,-0.0015969761880114675,-0.006923720706254244,0.0005323254154063761,0.2843928337097168,-9.169217109680176,0.14709974825382233
2025-03-07 02:13:58.084243,320,240,20,20,6.178320293454453,0.0026616270188242197,-0.0031956976745277643,0.0021293016616255045,0.26477953791618347,-9.188830375671387,0.14709974825382233
2025-03-07 02:13:58.139635,320,240,20,20,6.149042792063847,-0.0015969761880114675,-0.005859069991856813,0.0031956976745277643,0.26477953791618347,-9.169217109680176,0.127486452460289
2025-03-07 02:13:58.200231,320,240,20,20,6.020837785974436,-0.0010646508308127522,-0.010651743970811367,0.0010646508308127522,0.2843928337097168,-9.169217109680176,0.127486452460289
2025-03-07 02:13:58.261497,320,240,20,20,6.111022790257993,-0.0005323254154063761,-0.009587093256413937,0.004260348621755838,0.2843928337097168,-9.169217109680176,0.127486452460289
2025-03-07 02:13:58.314094,320,240,20,20,6.0503027873739486,-0.0026616270188242197,-0.0031956976745277643,0.0031956976745277643,0.26477953791618347,-9.188830375671387,0.127486452460289
2025-03-07 02:13:58.371514,320,240,20,20,6.068972788260726,-0.0005323254154063761,-0.003728023264557123,0.0015969761880114675,0.26477953791618347,-9.188830375671387,0.14709974825382233
2025-03-07 02:13:58.433778,320,240,20,20,6.087237789128267,-0.005324999336153269,-0.007456046529114246,0.0026616270188242197,0.2843928337097168,-9.188830375671387,0.127486452460289
2025-03-07 02:13:58.497058,320,240,20,20,6.187825293905917,-0.003728023264557123,-0.007988371886312962,0.0010646508308127522,0.26477953791618347,-9.169217109680176,0.127486452460289
2025-03-07 02:13:58.558314,320,240,20,20,6.189137793968257,0.0021293016616255045,-0.006391395349055529,0.0005323254154063761,0.2843928337097168,-9.169217109680176,0.127486452460289
2025-03-07 02:13:58.620105,320,240,20,20,6.066312788134383,-0.0015969761880114675,-0.005859069991856813,0.0031956976745277643,0.2843928337097168,-9.169217109680176,0.14709974825382233
2025-03-07 02:13:58.682734,320,240,20,20,6.132135291260783,-0.003728023264557123,-0.0021293016616255045,0.0015969761880114675,0.26477953791618347,-9.188830375671387,0.127486452460289
2025-03-07 02:13:58.737712,320,240,20,20,6.157882792483724,-0.0015969761880114675,-0.0031956976745277643,0.004792673978954554,0.2843928337097168,-9.169217109680176,0.14709974825382233
2025-03-07 02:13:58.787435,320,240,20,20,6.1021077898345535,-0.0010646508308127522,-0.009054767899215221,0.0010646508308127522,0.2843928337097168,-9.188830375671387,0.14709974825382233
2025-03-07 02:13:58.830456,320,240,20,20,6.087165289124823,-0.0015969761880114675,-0.007988371886312962,0.004260348621755838,0.2843928337097168,-9.169217109680176,0.127486452460289
2025-03-07 02:13:58.870942,320,240,20,20,6.103952789922187,-0.004260348621755838,-0.009587093256413937,0.006391395349055529,0.2843928337097168,-9.169217109680176,0.127486452460289
2025-03-07 02:13:58.906646,320,240,20,20,6.120825290723587,0.0010646508308127522,-0.006923720706254244,0.0015969761880114675,0.2843928337097168,-9.188830375671387,0.14709974825382233
2025-03-07 02:13:58.936481,320,240,20,20,6.109327790177486,0.0021293016616255045,-0.005859069991856813,0.0021293016616255045,0.26477953791618347,-9.188830375671387,0.127486452460289
2025-03-07 02:13:58.966633,320,240,20,20,6.1493377920778585,0.0,-0.005324999336153269,0.0021293016616255045,0.2843928337097168,-9.188830375671387,0.14709974825382233
2025-03-07 02:13:58.996341,320,240,20,20,6.05997028783313,-0.0031956976745277643,-0.0021293016616255045,0.0031956976745277643,0.26477953791618347,-9.169217109680176,0.127486452460289
2025-03-07 02:13:59.025694,320,240,20,20,6.1428627917703125,-0.0015969761880114675,-0.008520697243511677,0.0010646508308127522,0.2843928337097168,-9.169217109680176,0.127486452460289
2025-03-07 02:13:59.055216,320,240,20,20,6.128785291101667,-0.004260348621755838,-0.004792673978954554,0.0005323254154063761,0.26477953791618347,-9.188830375671387,0.127486452460289
2025-03-07 02:13:59.084598,320,240,20,20,6.2153727952143525,-0.0021293016616255045,-0.005324999336153269,0.0031956976745277643,0.26477953791618347,-9.169217109680176,0.14709974825382233
2025-03-07 02:13:59.114128,320,240,20,20,6.09453278947476,-0.0005323254154063761,-0.0031956976745277643,-0.0015969761880114675,0.26477953791618347,-9.169217109680176,0.127486452460289
2025-03-07 02:13:59.144022,320,240,20,20,6.0443627870918135,-0.004260348621755838,-0.006923720706254244,0.0026616270188242197,0.26477953791618347,-9.169217109680176,0.127486452460289
2025-03-07 02:13:59.179472,320,240,20,20,6.245402796640701,0.0,-0.004792673978954554,0.005324999336153269,0.2843928337097168,-9.169217109680176,0.127486452460289
2025-03-07 02:13:59.220270,320,240,20,20,6.0775827886696785,-0.004792673978954554,-0.005324999336153269,0.0021293016616255045,0.2843928337097168,-9.188830375671387,0.127486452460289
2025-03-07 02:13:59.259460,320,240,20,20,6.219947795431653,-0.0005323254154063761,-0.005324999336153269,0.004260348621755838,0.2843928337097168,-9.169217109680176,0.127486452460289
2025-03-07 02:13:59.299695,320,240,20,20,6.1361177914499425,0.0010646508308127522,-0.0031956976745277643,0.004792673978954554,0.26477953791618347,-9.169217109680176,0.14709974825382233
2025-03-07 02:13:59.338661,320,240,20,20,6.129612791140971,-0.0031956976745277643,0.0015969761880114675,-0.0010646508308127522,0.26477953791618347,-9.188830375671387,0.127486452460289
2025-03-07 02:13:59.377755,320,240,20,20,6.0452502871339675,-0.0031956976745277643,-0.007456046529114246,0.0021293016616255045,0.26477953791618347,-9.169217109680176,0.14709974825382233
2025-03-07 02:13:59.415074,320,240,20,20,6.05977028782363,-0.0005323254154063761,-0.006923720706254244,0.0026616270188242197,0.2843928337097168,-9.169217109680176,0.127486452460289
2025-03-07 02:13:59.451474,320,240,20,20,6.0935477894279755,0.005324999336153269,-0.004260348621755838,-0.0010646508308127522,0.26477953791618347,-9.169217109680176,0.127486452460289
2025-03-07 02:13:59.490365,320,240,20,20,6.171020293107722,0.0,-0.004792673978954554,0.0026616270188242197,0.26477953791618347,-9.169217109680176,0.127486452460289
2025-03-07 02:13:59.530248,320,240,20,20,6.162722792713612,0.0021293016616255045,-0.005859069991856813,0.0021293016616255045,0.26477953791618347,-9.169217109680176,0.127486452460289
2025-03-07 02:13:59.568884,320,240,20,20,6.210250294971047,-0.0005323254154063761,-0.008520697243511677,0.0026616270188242197,0.2843928337097168,-9.169217109680176,0.127486452460289
2025-03-07 02:13:59.606941,320,240,20,20,6.188237793925509,0.0005323254154063761,-0.005324999336153269,0.0,0.2843928337097168,-9.169217109680176,0.127486452460289
2025-03-07 02:13:59.643996,320,240,20,20,6.037275286755175,0.0026616270188242197,-0.003728023264557123,0.003728023264557123,0.26477953791618347,-9.169217109680176,0.127486452460289
2025-03-07 02:13:59.680136,320,240,20,20,6.100475289757014,-0.004260348621755838,-0.0021293016616255045,0.0031956976745277643,0.26477953791618347,-9.188830375671387,0.127486452460289
2025-03-07 02:13:59.716665,320,240,20,20,6.124230290885317,-0.0031956976745277643,-0.007456046529114246,0.0005323254154063761,0.26477953791618347,-9.188830375671387,0.14709974825382233
2025-03-07 02:13:59.759662,320,240,20,20,6.073610288480995,-0.0005323254154063761,-0.004792673978954554,0.0015969761880114675,0.2843928337097168,-9.169217109680176,0.127486452460289
2025-03-07 02:13:59.798347,320,240,20,20,6.1347877913867706,-0.0010646508308127522,-0.006391395349055529,0.0,0.2843928337097168,-9.169217109680176,0.127486452460289
2025-03-07 02:13:59.837139,320,240,20,20,6.107992790114077,-0.0005323254154063761,-0.003728023264557123,0.0026616270188242197,0.2843928337097168,-9.169217109680176,0.14709974825382233
2025-03-07 02:13:59.871061,320,240,20,20,6.161902792674664,0.0015969761880114675,-0.003728023264557123,0.003728023264557123,0.2843928337097168,-9.169217109680176,0.10787314921617508
2025-03-07 02:13:59.900539,320,240,20,20,6.116115290499875,0.0026616270188242197,-0.007988371886312962,0.003728023264557123,0.2843928337097168,-9.188830375671387,0.127486452460289
2025-03-07 02:13:59.930263,320,240,20,20,6.211460295028519,-0.0031956976745277643,-0.007456046529114246,0.0010646508308127522,0.2843928337097168,-9.169217109680176,0.127486452460289
2025-03-07 02:13:59.959815,320,240,20,20,6.208237794875458,-0.0005323254154063761,-0.006391395349055529,0.005859069991856813,0.26477953791618347,-9.188830375671387,0.10787314921617508
2025-03-07 02:13:59.989467,320,240,20,20,6.097702789625328,0.0005323254154063761,-0.006391395349055529,-0.0015969761880114675,0.26477953791618347,-9.188830375671387,0.127486452460289
2025-03-07 02:14:00.018857,320,240,20,20,5.984942784269515,-0.004260348621755838,-0.009587093256413937,0.0031956976745277643,0.2843928337097168,-9.188830375671387,0.14709974825382233
2025-03-07 02:14:00.048236,320,240,20,20,6.139050291589228,-0.0010646508308127522,-0.006923720706254244,0.004792673978954554,0.26477953791618347,-9.169217109680176,0.127486452460289
2025-03-07 02:14:00.077685,320,240,20,20,6.058072787743003,0.0,-0.006923720706254244,-0.0005323254154063761,0.2843928337097168,-9.169217109680176,0.127486452460289
2025-03-07 02:14:00.107401,320,240,20,20,6.178100293444004,-0.0031956976745277643,-0.003728023264557123,0.005324999336153269,0.26477953791618347,-9.188830375671387,0.127486452460289
2025-03-07 02:14:00.138673,320,240,20,20,6.170565293086111,-0.003728023264557123,-0.007456046529114246,0.005324999336153269,0.2843928337097168,-9.169217109680176,0.127486452460289
2025-03-07 02:14:00.176288,320,240,20,20,6.058672787771502,-0.0005323254154063761,-0.0021293016616255045,0.0015969761880114675,0.26477953791618347,-9.169217109680176,0.10787314921617508
2025-03-07 02:14:00.206266,320,240,20,20,6.062155287936912,0.0005323254154063761,-0.004792673978954554,0.0021293016616255045,0.26477953791618347,-9.188830375671387,0.127486452460289
2025-03-07 02:14:00.242585,320,240,20,20,6.074885288541554,-0.0005323254154063761,-0.006391395349055529,0.0026616270188242197,0.26477953791618347,-9.169217109680176,0.14709974825382233
2025-03-07 02:14:00.273086,320,240,20,20,6.1196702906687275,-0.0005323254154063761,-0.004792673978954554,0.0031956976745277643,0.26477953791618347,-9.169217109680176,0.14709974825382233
2025-03-07 02:14:00.310456,320,240,20,20,6.153807792290172,-0.004260348621755838,-0.006391395349055529,0.0031956976745277643,0.2843928337097168,-9.188830375671387,0.127486452460289
2025-03-07 02:14:00.340391,320,240,20,20,6.171927793150826,0.0026616270188242197,-0.0005323254154063761,0.0031956976745277643,0.26477953791618347,-9.169217109680176,0.14709974825382233
2025-03-07 02:14:00.376100,320,240,20,20,6.165285292835324,-0.0026616270188242197,-0.005859069991856813,0.004792673978954554,0.26477953791618347,-9.169217109680176,0.10787314921617508
2025-03-07 02:14:00.407260,320,240,20,20,6.05750278771593,-0.004792673978954554,-0.006923720706254244,-0.0021293016616255045,0.2843928337097168,-9.188830375671387,0.127486452460289
2025-03-07 02:14:00.441352,320,240,20,20,6.096237789555744,-0.0010646508308127522,-0.008520697243511677,0.0026616270188242197,0.2843928337097168,-9.188830375671387,0.127486452460289
2025-03-07 02:14:00.485626,320,240,20,20,6.019652785918152,-0.0021293016616255045,-0.007988371886312962,0.0021293016616255045,0.3040061295032501,-9.169217109680176,0.127486452460289
2025-03-07 02:14:00.526145,320,240,20,20,6.081625288861687,-0.0031956976745277643,-0.007456046529114246,0.0031956976745277643,0.26477953791618347,-9.169217109680176,0.14709974825382233
2025-03-07 02:14:00.565884,320,240,20,20,6.159525292561739,0.0015969761880114675,-0.004792673978954554,-0.0010646508308127522,0.2843928337097168,-9.188830375671387,0.127486452460289
2025-03-07 02:14:00.604310,320,240,20,20,6.148337792030361,-0.0005323254154063761,-0.010651743970811367,0.005324999336153269,0.26477953791618347,-9.169217109680176,0.10787314921617508
2025-03-07 02:14:00.638516,320,240,20,20,6.116552790520655,-0.0031956976745277643,-0.003728023264557123,0.003728023264557123,0.26477953791618347,-9.169217109680176,0.127486452460289
2025-03-07 02:14:00.668409,320,240,20,20,6.187217793877062,0.0021293016616255045,0.0026616270188242197,0.005324999336153269,0.26477953791618347,-9.169217109680176,0.127486452460289
2025-03-07 02:14:00.697906,320,240,20,20,6.143210291786818,0.0010646508308127522,-0.005324999336153269,0.0026616270188242197,0.2843928337097168,-9.169217109680176,0.127486452460289
2025-03-07 02:14:00.727917,320,240,20,20,6.045090287126368,-0.0031956976745277643,-0.003728023264557123,0.003728023264557123,0.2843928337097168,-9.169217109680176,0.10787314921617508
2025-03-07 02:14:00.757637,320,240,20,20,6.0772677886547175,0.0,-0.0005323254154063761,0.004260348621755838,0.2843928337097168,-9.188830375671387,0.127486452460289
2025-03-07 02:14:00.787277,320,240,20,20,6.152177792212751,-0.003728023264557123,-0.009054767899215221,0.005324999336153269,0.2843928337097168,-9.169217109680176,0.127486452460289
2025-03-07 02:14:00.816759,320,240,20,20,6.108485290137469,-0.0021293016616255045,-0.007988371886312962,0.0015969761880114675,0.2843928337097168,-9.169217109680176,0.14709974825382233
2025-03-07 02:14:00.846261,320,240,20,20,6.0621002879343,-0.0005323254154063761,-0.003728023264557123,0.003728023264557123,0.26477953791618347,-9.169217109680176,0.14709974825382233
2025-03-07 02:14:00.875829,320,240,20,20,6.11622279050498,0.0005323254154063761,-0.0015969761880114675,0.0010646508308127522,0.26477953791618347,-9.169217109680176,0.14709974825382233
2025-03-07 02:14:00.906721,320,240,20,20,6.104030289925868,-0.0010646508308127522,-0.005859069991856813,0.0005323254154063761,0.26477953791618347,-9.169217109680176,0.127486452460289
2025-03-07 02:14:00.942904,320,240,20,20,6.201900294574443,-0.004792673978954554,-0.004260348621755838,0.0,0.2843928337097168,-9.169217109680176,0.10787314921617508
2025-03-07 02:14:00.974509,320,240,20,20,6.114847790439671,-0.0026616270188242197,-0.005859069991856813,0.0005323254154063761,0.2843928337097168,-9.169217109680176,0.14709974825382233
2025-03-07 02:14:01.007336,320,240,20,20,6.085590289050015,-0.0015969761880114675,-0.005324999336153269,0.0021293016616255045,0.26477953791618347,-9.169217109680176,0.127486452460289
2025-03-07 02:14:01.040595,320,240,20,20,6.169037793013558,0.0026616270188242197,-0.0021293016616255045,0.0026616270188242197,0.2843928337097168,-9.169217109680176,0.127486452460289
2025-03-07 02:14:01.079723,320,240,20,20,6.23607279619755,0.0021293016616255045,-0.004260348621755838,0.0005323254154063761,0.2843928337097168,-9.169217109680176,0.127486452460289
2025-03-07 02:14:01.111538,320,240,20,20,6.136305291458848,-0.0021293016616255045,-0.007456046529114246,-0.0021293016616255045,0.3040061295032501,-9.188830375671387,0.127486452460289
2025-03-07 02:14:01.142003,320,240,20,20,6.046822787208657,-0.0005323254154063761,-0.006923720706254244,0.0026616270188242197,0.2843928337097168,-9.188830375671387,0.10787314921617508
2025-03-07 02:14:01.185419,320,240,20,20,6.121867790773104,0.0,-0.005859069991856813,0.003728023264557123,0.2843928337097168,-9.169217109680176,0.127486452460289
2025-03-07 02:14:01.223105,320,240,20,20,6.092677789386653,0.0010646508308127522,-0.007456046529114246,0.0026616270188242197,0.2843928337097168,-9.169217109680176,0.10787314921617508
2025-03-07 02:14:01.259432,320,240,20,20,6.140382791652518,-0.0021293016616255045,-0.0026616270188242197,-0.0010646508308127522,0.2843928337097168,-9.169217109680176,0.127486452460289
2025-03-07 02:14:01.293351,320,240,20,20,6.113870290393242,-0.0021293016616255045,-0.005859069991856813,0.0010646508308127522,0.26477953791618347,-9.169217109680176,0.14709974825382233
2025-03-07 02:14:01.324587,320,240,20,20,6.073685288484557,0.0015969761880114675,-0.005324999336153269,0.0,0.2843928337097168,-9.169217109680176,0.127486452460289
2025-03-07 02:14:01.354408,320,240,20,20,6.1075602900935335,-0.0026616270188242197,-0.005859069991856813,0.0015969761880114675,0.2843928337097168,-9.169217109680176,0.127486452460289
2025-03-07 02:14:01.383973,320,240,20,20,6.1416177917111785,0.0031956976745277643,-0.007988371886312962,-0.0010646508308127522,0.2843928337097168,-9.169217109680176,0.127486452460289
2025-03-07 02:14:01.414007,320,240,20,20,6.1598427925768195,0.0021293016616255045,-0.0031956976745277643,0.0005323254154063761,0.26477953791618347,-9.169217109680176,0.14709974825382233
2025-03-07 02:14:01.444417,320,240,20,20,6.201817794570525,-0.004260348621755838,-0.003728023264557123,0.0010646508308127522,0.2843928337097168,-9.188830375671387,0.14709974825382233
2025-03-07 02:14:01.474164,320,240,20,20,6.184410293743713,-0.0010646508308127522,-0.010651743970811367,0.0031956976745277643,0.26477953791618347,-9.188830375671387,0.14709974825382233
2025-03-07 02:14:01.507261,320,240,20,20,6.096917789588042,0.003728023264557123,-0.003728023264557123,0.0015969761880114675,0.26477953791618347,-9.169217109680176,0.10787314921617508
2025-03-07 02:14:01.544274,320,240,20,20,6.026657786250871,0.0021293016616255045,-0.006923720706254244,0.0015969761880114675,0.26477953791618347,-9.169217109680176,0.10787314921617508
2025-03-07 02:14:01.574269,320,240,20,20,6.225840295711532,-0.0010646508308127522,-0.009587093256413937,0.005324999336153269,0.2843928337097168,-9.169217109680176,0.127486452460289
2025-03-07 02:14:01.611524,320,240,20,20,6.086267789082195,-0.0005323254154063761,-0.009587093256413937,0.0031956976745277643,0.2843928337097168,-9.169217109680176,0.127486452460289
2025-03-07 02:14:01.641705,320,240,20,20,6.085450289043365,-0.0031956976745277643,-0.007456046529114246,0.005324999336153269,0.26477953791618347,-9.169217109680176,0.127486452460289
2025-03-07 02:14:01.674840,320,240,20,20,6.134430291369791,-0.0005323254154063761,-0.005324999336153269,0.0015969761880114675,0.26477953791618347,-9.169217109680176,0.127486452460289
2025-03-07 02:14:01.713310,320,240,20,20,6.1219277907759535,0.0021293016616255045,-0.0026616270188242197,0.0031956976745277643,0.26477953791618347,-9.188830375671387,0.14709974825382233
2025-03-07 02:14:01.742980,320,240,20,20,6.130745291194762,-0.004792673978954554,-0.004792673978954554,0.0010646508308127522,0.2843928337097168,-9.188830375671387,0.10787314921617508
2025-03-07 02:14:01.774155,320,240,20,20,6.192392794122862,-0.0010646508308127522,-0.005859069991856813,0.0,0.2843928337097168,-9.188830375671387,0.08825984597206116
2025-03-07 02:14:01.812657,320,240,20,20,6.079957788782485,-0.0010646508308127522,-0.005859069991856813,0.004792673978954554,0.26477953791618347,-9.169217109680176,0.14709974825382233
2025-03-07 02:14:01.849665,320,240,20,20,6.069680288294331,-0.0031956976745277643,-0.007988371886312962,0.0031956976745277643,0.2843928337097168,-9.169217109680176,0.127486452460289
2025-03-07 02:14:01.889215,320,240,20,20,6.098370289657032,0.0026616270188242197,-0.006923720706254244,0.0015969761880114675,0.2843928337097168,-9.188830375671387,0.10787314921617508
2025-03-07 02:14:01.927451,320,240,20,20,6.040775286921416,-0.003728023264557123,-0.0031956976745277643,0.005324999336153269,0.2843928337097168,-9.169217109680176,0.14709974825382233
2025-03-07 02:14:01.965114,320,240,20,20,6.14400279182446,-0.003728023264557123,-0.005324999336153269,0.0005323254154063761,0.2843928337097168,-9.169217109680176,0.10787314921617508
2025-03-07 02:14:01.998727,320,240,20,20,6.09198778935388,-0.0021293016616255045,-0.009054767899215221,0.0015969761880114675,0.26477953791618347,-9.169217109680176,0.127486452460289
2025-03-07 02:14:02.028470,320,240,20,20,6.063065287980135,-0.0015969761880114675,-0.009587093256413937,0.0010646508308127522,0.26477953791618347,-9.188830375671387,0.10787314921617508
2025-03-07 02:14:02.058131,320,240,20,20,6.154445292320451,-0.0026616270188242197,-0.004792673978954554,0.003728023264557123,0.2843928337097168,-9.169217109680176,0.127486452460289
2025-03-07 02:14:02.087512,320,240,20,20,6.002470285102026,0.004792673978954554,-0.005859069991856813,0.0015969761880114675,0.2843928337097168,-9.169217109680176,0.14709974825382233
2025-03-07 02:14:02.117427,320,240,20,20,6.102232789840491,0.0015969761880114675,-0.003728023264557123,-0.0015969761880114675,0.2843928337097168,-9.188830375671387,0.127486452460289
2025-03-07 02:14:02.146992,320,240,20,20,6.048162787272304,0.0,-0.006391395349055529,-0.0026616270188242197,0.26477953791618347,-9.188830375671387,0.10787314921617508
2025-03-07 02:14:02.176352,320,240,20,20,6.151062792159792,-0.0005323254154063761,-0.006923720706254244,0.0026616270188242197,0.2843928337097168,-9.169217109680176,0.127486452460289
2025-03-07 02:14:02.217110,320,240,20,20,6.140625291664037,-0.0021293016616255045,-0.005859069991856813,0.0010646508308127522,0.2843928337097168,-9.188830375671387,0.14709974825382233
2025-03-07 02:14:02.256862,320,240,20,20,6.128265291076969,-0.0015969761880114675,-0.0026616270188242197,0.0031956976745277643,0.2843928337097168,-9.169217109680176,0.14709974825382233
2025-03-07 02:14:02.293237,320,240,20,20,6.209377794929606,-0.004260348621755838,-0.0015969761880114675,0.005324999336153269,0.26477953791618347,-9.169217109680176,0.10787314921617508
2025-03-07 02:14:02.331974,320,240,20,20,6.243245296538225,-0.004792673978954554,-0.009054767899215221,0.004260348621755838,0.2843928337097168,-9.169217109680176,0.127486452460289
2025-03-07 02:14:02.368087,320,240,20,20,6.061865287923138,0.004792673978954554,-0.003728023264557123,0.0021293016616255045,0.2843928337097168,-9.169217109680176,0.127486452460289
2025-03-07 02:14:02.398211,320,240,20,20,6.040905286927591,-0.0026616270188242197,-0.0021293016616255045,0.0026616270188242197,0.26477953791618347,-9.169217109680176,0.10787314921617508
2025-03-07 02:14:02.428087,320,240,20,20,6.135510291421087,-0.004792673978954554,-0.004260348621755838,0.0021293016616255045,0.2843928337097168,-9.169217109680176,0.127486452460289
2025-03-07 02:14:02.466223,320,240,20,20,6.15343279227236,0.0005323254154063761,-0.003728023264557123,0.0005323254154063761,0.2843928337097168,-9.169217109680176,0.14709974825382233
2025-03-07 02:14:02.504590,320,240,20,20,6.077812788680603,0.0010646508308127522,-0.005324999336153269,0.0031956976745277643,0.2843928337097168,-9.188830375671387,0.127486452460289
2025-03-07 02:14:02.542732,320,240,20,20,6.110732790244219,-0.0031956976745277643,-0.005859069991856813,0.0015969761880114675,0.2843928337097168,-9.169217109680176,0.127486452460289
2025-03-07 02:14:02.578467,320,240,20,20,6.146370291936909,-0.0015969761880114675,-0.0031956976745277643,0.004792673978954554,0.2843928337097168,-9.169217109680176,0.127486452460289
2025-03-07 02:14:02.610661,320,240,20,20,6.205652794752678,-0.0031956976745277643,-0.007456046529114246,-0.0015969761880114675,0.2843928337097168,-9.188830375671387,0.127486452460289
2025-03-07 02:14:02.643786,320,240,20,20,6.107617790096265,-0.0005323254154063761,-0.004260348621755838,0.0005323254154063761,0.26477953791618347,-9.169217109680176,0.127486452460289
2025-03-07 02:14:02.676720,320,240,20,20,6.079337788753037,-0.0021293016616255045,-0.005859069991856813,0.006923720706254244,0.2843928337097168,-9.169217109680176,0.127486452460289
2025-03-07 02:14:02.720182,320,240,20,20,6.03879778682749,0.0015969761880114675,-0.005859069991856813,0.0026616270188242197,0.26477953791618347,-9.188830375671387,0.10787314921617508
2025-03-07 02:14:02.769731,320,240,20,20,6.090700289292727,-0.003728023264557123,-0.006391395349055529,0.005324999336153269,0.2843928337097168,-9.188830375671387,0.127486452460289
2025-03-07 02:14:02.814006,320,240,20,20,6.163492792750185,-0.0026616270188242197,-0.009054767899215221,0.003728023264557123,0.2843928337097168,-9.169217109680176,0.10787314921617508
2025-03-07 02:14:02.855323,320,240,20,20,6.124540290900041,-0.0021293016616255045,-0.005324999336153269,0.0010646508308127522,0.26477953791618347,-9.169217109680176,0.10787314921617508
2025-03-07 02:14:02.892757,320,240,20,20,6.124785290911677,-0.004260348621755838,-0.009054767899215221,0.0015969761880114675,0.2843928337097168,-9.188830375671387,0.127486452460289
2025-03-07 02:14:02.931250,320,240,20,20,6.102187789838354,-0.0015969761880114675,-0.009054767899215221,-0.0015969761880114675,0.26477953791618347,-9.169217109680176,0.127486452460289
2025-03-07 02:14:02.971199,320,240,20,20,6.10145778980368,-0.0010646508308127522,-0.003728023264557123,0.0010646508308127522,0.26477953791618347,-9.188830375671387,0.127486452460289
2025-03-07 02:14:03.010765,320,240,20,20,6.123830290866318,-0.0026616270188242197,-0.004260348621755838,0.004260348621755838,0.26477953791618347,-9.169217109680176,0.127486452460289
2025-03-07 02:14:03.050250,320,240,20,20,6.00616528527753,0.0010646508308127522,-0.006923720706254244,0.0010646508308127522,0.26477953791618347,-9.188830375671387,0.127486452460289
2025-03-07 02:14:03.091190,320,240,20,20,6.219385295404936,-0.0010646508308127522,-0.004260348621755838,0.0026616270188242197,0.2843928337097168,-9.169217109680176,0.127486452460289
2025-03-07 02:14:03.130438,320,240,20,20,6.09047528928204,-0.0026616270188242197,-0.009587093256413937,0.003728023264557123,0.2843928337097168,-9.169217109680176,0.14709974825382233
2025-03-07 02:14:03.169632,320,240,20,20,6.146077791923017,0.0,-0.004260348621755838,0.0026616270188242197,0.2843928337097168,-9.169217109680176,0.127486452460289
2025-03-07 02:14:03.206182,320,240,20,20,6.116567790521367,-0.0010646508308127522,-0.004792673978954554,0.0021293016616255045,0.2843928337097168,-9.188830375671387,0.127486452460289
2025-03-07 02:14:03.242217,320,240,20,20,6.157912792485149,0.0,-0.005324999336153269,0.0,0.2843928337097168,-9.188830375671387,0.127486452460289
2025-03-07 02:14:03.278119,320,240,20,20,6.03199278650427,-0.0021293016616255045,-0.004260348621755838,0.0,0.2843928337097168,-9.188830375671387,0.127486452460289
2025-03-07 02:14:03.316453,320,240,20,20,6.119372790654597,0.0015969761880114675,-0.004792673978954554,0.0010646508308127522,0.26477953791618347,-9.169217109680176,0.10787314921617508
2025-03-07 02:14:03.355156,320,240,20,20,6.2371902962506285,-0.0010646508308127522,-0.005859069991856813,0.004792673978954554,0.26477953791618347,-9.169217109680176,0.10787314921617508
2025-03-07 02:14:03.393471,320,240,20,20,6.120300290698651,0.0026616270188242197,-0.007456046529114246,0.0021293016616255045,0.26477953791618347,-9.188830375671387,0.14709974825382233
2025-03-07 02:14:03.431471,320,240,20,20,6.167735292951693,-0.0005323254154063761,-0.006923720706254244,0.0026616270188242197,0.2843928337097168,-9.169217109680176,0.14709974825382233
2025-03-07 02:14:03.473380,320,240,20,20,6.160820292623248,-0.0021293016616255045,-0.006923720706254244,0.0026616270188242197,0.26477953791618347,-9.188830375671387,0.127486452460289
2025-03-07 02:14:03.511282,320,240,20,20,6.115102790451783,0.0010646508308127522,-0.008520697243511677,0.0010646508308127522,0.2843928337097168,-9.169217109680176,0.10787314921617508
2025-03-07 02:14:03.550478,320,240,20,20,6.150470292131649,-0.0005323254154063761,-0.0021293016616255045,-0.0021293016616255045,0.26477953791618347,-9.169217109680176,0.10787314921617508
2025-03-07 02:14:03.588887,320,240,20,20,6.097465289614047,-0.0031956976745277643,-0.005859069991856813,-0.0021293016616255045,0.2843928337097168,-9.169217109680176,0.14709974825382233
2025-03-07 02:14:03.626847,320,240,20,20,6.141882791723765,0.0010646508308127522,-0.007456046529114246,0.0026616270188242197,0.2843928337097168,-9.169217109680176,0.127486452460289
2025-03-07 02:14:03.657991,320,240,20,20,6.0400152868853185,-0.0010646508308127522,-0.008520697243511677,-0.0010646508308127522,0.2843928337097168,-9.169217109680176,0.127486452460289
2025-03-07 02:14:03.687658,320,240,20,20,6.152825292243506,0.003728023264557123,-0.004260348621755838,0.0,0.2843928337097168,-9.169217109680176,0.127486452460289
2025-03-07 02:14:03.717283,320,240,20,20,6.0361127866999595,-0.0021293016616255045,-0.003728023264557123,0.0005323254154063761,0.2843928337097168,-9.169217109680176,0.14709974825382233
2025-03-07 02:14:03.747715,320,240,20,20,6.090187789268384,-0.0021293016616255045,-0.0021293016616255045,-0.0015969761880114675,0.2843928337097168,-9.188830375671387,0.127486452460289
2025-03-07 02:14:03.788329,320,240,20,20,6.071940288401675,0.0010646508308127522,-0.003728023264557123,0.003728023264557123,0.2843928337097168,-9.188830375671387,0.127486452460289
2025-03-07 02:14:03.826651,320,240,20,20,6.116067790497619,0.0010646508308127522,-0.009587093256413937,0.0010646508308127522,0.2843928337097168,-9.169217109680176,0.127486452460289
2025-03-07 02:14:03.871549,320,240,20,20,6.1174952905654205,0.0,-0.004792673978954554,0.003728023264557123,0.2843928337097168,-9.169217109680176,0.127486452460289
2025-03-07 02:14:03.912342,320,240,20,20,6.060565287861391,0.0,-0.0031956976745277643,0.0021293016616255045,0.2843928337097168,-9.169217109680176,0.14709974825382233
2025-03-07 02:14:03.951020,320,240,20,20,6.093702789435338,0.0010646508308127522,-0.007456046529114246,0.0005323254154063761,0.2843928337097168,-9.169217109680176,0.127486452460289
2025-03-07 02:14:03.986679,320,240,20,20,6.049985287358868,-0.0005323254154063761,-0.009587093256413937,0.0031956976745277643,0.26477953791618347,-9.169217109680176,0.127486452460289
2025-03-07 02:14:04.025532,320,240,20,20,6.0873802891350355,0.0005323254154063761,-0.0031956976745277643,-0.0005323254154063761,0.2843928337097168,-9.169217109680176,0.127486452460289
2025-03-07 02:14:04.064302,320,240,20,20,6.150732792144117,0.0010646508308127522,-0.004260348621755838,0.0031956976745277643,0.2843928337097168,-9.169217109680176,0.10787314921617508
2025-03-07 02:14:04.104586,320,240,20,20,6.126180290977937,-0.0026616270188242197,-0.005324999336153269,0.0015969761880114675,0.26477953791618347,-9.169217109680176,0.127486452460289
2025-03-07 02:14:04.142365,320,240,20,20,6.119062790639873,0.0,-0.003728023264557123,0.005859069991856813,0.2843928337097168,-9.169217109680176,0.10787314921617508
2025-03-07 02:14:04.179008,320,240,20,20,6.112400290323421,-0.0026616270188242197,-0.006923720706254244,0.004792673978954554,0.26477953791618347,-9.169217109680176,0.127486452460289
2025-03-07 02:14:04.216670,320,240,20,20,6.111492790280318,-0.005859069991856813,-0.005859069991856813,-0.003728023264557123,0.2843928337097168,-9.169217109680176,0.14709974825382233
2025-03-07 02:14:04.254863,320,240,20,20,6.102342789845716,0.0031956976745277643,-0.0015969761880114675,0.0010646508308127522,0.2843928337097168,-9.169217109680176,0.127486452460289
2025-03-07 02:14:04.292948,320,240,20,20,6.1599602925824,-0.0010646508308127522,-0.004260348621755838,0.0015969761880114675,0.26477953791618347,-9.169217109680176,0.10787314921617508
2025-03-07 02:14:04.331907,320,240,20,20,6.144762791860558,0.0,-0.0026616270188242197,0.003728023264557123,0.26477953791618347,-9.169217109680176,0.127486452460289
2025-03-07 02:14:04.371418,320,240,20,20,6.103442789897963,-0.0021293016616255045,-0.004792673978954554,0.005859069991856813,0.2843928337097168,-9.188830375671387,0.14709974825382233
2025-03-07 02:14:04.410507,320,240,20,20,6.120137790690933,-0.0010646508308127522,-0.006391395349055529,0.0015969761880114675,0.2843928337097168,-9.188830375671387,0.127486452460289
2025-03-07 02:14:04.456352,320,240,20,20,6.051330287422752,-0.0005323254154063761,-0.007988371886312962,-0.0026616270188242197,0.2843928337097168,-9.188830375671387,0.127486452460289
2025-03-07 02:14:04.497784,320,240,20,20,6.1937727941884075,0.0021293016616255045,-0.006391395349055529,0.0015969761880114675,0.2843928337097168,-9.188830375671387,0.127486452460289
2025-03-07 02:14:04.537349,320,240,20,20,6.153732792286609,-0.0015969761880114675,-0.004260348621755838,0.0010646508308127522,0.2843928337097168,-9.169217109680176,0.127486452460289
2025-03-07 02:14:04.574390,320,240,20,20,6.074182788508187,-0.0021293016616255045,-0.003728023264557123,0.0005323254154063761,0.2843928337097168,-9.169217109680176,0.127486452460289
2025-03-07 02:14:04.613431,320,240,20,20,6.158445292510441,-0.003728023264557123,-0.005324999336153269,0.0021293016616255045,0.2843928337097168,-9.188830375671387,0.127486452460289
2025-03-07 02:14:04.646897,320,240,20,20,6.198625294418889,-0.0005323254154063761,-0.004792673978954554,0.0021293016616255045,0.2843928337097168,-9.169217109680176,0.10787314921617508
2025-03-07 02:14:04.677590,320,240,20,20,6.051600287435576,-0.0031956976745277643,-0.004260348621755838,0.0031956976745277643,0.2843928337097168,-9.169217109680176,0.10787314921617508
2025-03-07 02:14:04.706865,320,240,20,20,6.1093352901778415,0.0021293016616255045,-0.0026616270188242197,-0.0005323254154063761,0.2843928337097168,-9.169217109680176,0.14709974825382233
2025-03-07 02:14:04.736474,320,240,20,20,6.114607790428272,0.0,-0.009054767899215221,0.0,0.26477953791618347,-9.169217109680176,0.14709974825382233
2025-03-07 02:14:04.766065,320,240,20,20,6.147377791984764,-0.0026616270188242197,-0.007456046529114246,0.003728023264557123,0.2843928337097168,-9.208444595336914,0.10787314921617508
2025-03-07 02:14:04.795486,320,240,20,20,6.094352789466211,-0.0015969761880114675,-0.006923720706254244,-0.0031956976745277643,0.2843928337097168,-9.188830375671387,0.127486452460289
2025-03-07 02:14:04.824975,320,240,20,20,6.089787789249385,0.0,-0.005859069991856813,-0.0015969761880114675,0.26477953791618347,-9.188830375671387,0.127486452460289
2025-03-07 02:14:04.868208,320,240,20,20,6.064605288053281,-0.005324999336153269,-0.0021293016616255045,0.0015969761880114675,0.2843928337097168,-9.188830375671387,0.14709974825382233
2025-03-07 02:14:04.911505,320,240,20,20,6.1292902911256535,-0.0010646508308127522,-0.007988371886312962,0.004260348621755838,0.2843928337097168,-9.169217109680176,0.127486452460289
2025-03-07 02:14:04.953933,320,240,20,20,6.080025288785691,0.0005323254154063761,-0.005324999336153269,-0.0021293016616255045,0.2843928337097168,-9.169217109680176,0.14709974825382233
2025-03-07 02:14:04.990362,320,240,20,20,6.1082727901273755,-0.0026616270188242197,-0.005324999336153269,0.003728023264557123,0.2843928337097168,-9.169217109680176,0.127486452460289
2025-03-07 02:14:05.019911,320,240,20,20,6.064267788037251,-0.0010646508308127522,-0.0021293016616255045,0.0005323254154063761,0.2843928337097168,-9.169217109680176,0.10787314921617508
2025-03-07 02:14:05.050061,320,240,20,20,6.160960292629897,-0.0026616270188242197,-0.004260348621755838,-0.0010646508308127522,0.2843928337097168,-9.169217109680176,0.10787314921617508
2025-03-07 02:14:05.079476,320,240,20,20,6.081265288844588,-0.004792673978954554,-0.007988371886312962,0.0010646508308127522,0.2843928337097168,-9.169217109680176,0.127486452460289
2025-03-07 02:14:05.110735,320,240,20,20,6.1602902925980745,-0.0005323254154063761,-0.004792673978954554,0.0021293016616255045,0.2843928337097168,-9.169217109680176,0.14709974825382233
2025-03-07 02:14:05.148834,320,240,20,20,6.148087792018487,-0.003728023264557123,-0.005324999336153269,0.0,0.2843928337097168,-9.169217109680176,0.127486452460289
2025-03-07 02:14:05.179733,320,240,20,20,6.240155296391459,0.0015969761880114675,-0.003728023264557123,0.005324999336153269,0.2843928337097168,-9.169217109680176,0.127486452460289
2025-03-07 02:14:05.211820,320,240,20,20,6.133307791316474,-0.003728023264557123,-0.005324999336153269,0.003728023264557123,0.2843928337097168,-9.188830375671387,0.127486452460289
2025-03-07 02:14:05.248040,320,240,20,20,6.087297789131116,-0.0026616270188242197,-0.003728023264557123,0.0015969761880114675,0.2843928337097168,-9.188830375671387,0.10787314921617508
2025-03-07 02:14:05.277875,320,240,20,20,6.060360287851654,0.0026616270188242197,-0.007988371886312962,0.0026616270188242197,0.26477953791618347,-9.169217109680176,0.127486452460289
2025-03-07 02:14:05.312000,320,240,20,20,6.097070289595285,-0.0015969761880114675,-0.010119418613612652,-0.0005323254154063761,0.2843928337097168,-9.169217109680176,0.127486452460289
2025-03-07 02:14:05.345790,320,240,20,20,6.186620293848682,0.0015969761880114675,-0.004792673978954554,0.005324999336153269,0.2843928337097168,-9.188830375671387,0.127486452460289
2025-03-07 02:14:05.379618,320,240,20,20,6.151555292183184,-0.004792673978954554,-0.005324999336153269,0.0026616270188242197,0.3040061295032501,-9.169217109680176,0.10787314921617508
2025-03-07 02:14:05.411317,320,240,20,20,6.1159402904915625,-0.0010646508308127522,-0.004260348621755838,0.005324999336153269,0.26477953791618347,-9.169217109680176,0.10787314921617508
2025-03-07 02:14:05.448994,320,240,20,20,6.04542528714228,0.0005323254154063761,-0.007988371886312962,0.0015969761880114675,0.2843928337097168,-9.188830375671387,0.127486452460289
2025-03-07 02:14:05.478924,320,240,20,20,6.134185291358153,-0.005324999336153269,-0.010651743970811367,0.004260348621755838,0.2843928337097168,-9.188830375671387,0.127486452460289
2025-03-07 02:14:05.512709,320,240,20,20,6.087127789123042,-0.004792673978954554,-0.007456046529114246,-0.0005323254154063761,0.26477953791618347,-9.169217109680176,0.127486452460289
2025-03-07 02:14:05.546455,320,240,20,20,6.147005291967071,-0.0031956976745277643,-0.006923720706254244,0.005324999336153269,0.2843928337097168,-9.169217109680176,0.14709974825382233
2025-03-07 02:14:05.582034,320,240,20,20,6.10382778991625,0.0015969761880114675,-0.003728023264557123,0.003728023264557123,0.2843928337097168,-9.169217109680176,0.127486452460289
2025-03-07 02:14:05.611709,320,240,20,20,6.1336827913342855,-0.0026616270188242197,-0.005859069991856813,0.004260348621755838,0.26477953791618347,-9.169217109680176,0.10787314921617508
2025-03-07 02:14:05.650434,320,240,20,20,6.1040552899270555,-0.0010646508308127522,-0.009587093256413937,0.004792673978954554,0.2843928337097168,-9.169217109680176,0.127486452460289
2025-03-07 02:14:05.681142,320,240,20,20,6.191532794082013,0.0010646508308127522,-0.003728023264557123,0.004792673978954554,0.2843928337097168,-9.169217109680176,0.127486452460289
2025-03-07 02:14:05.712862,320,240,20,20,6.165097792826418,-0.0021293016616255045,-0.007456046529114246,0.0,0.2843928337097168,-9.169217109680176,0.127486452460289
2025-03-07 02:14:05.746255,320,240,20,20,6.12277029081597,0.0010646508308127522,-0.005859069991856813,0.004792673978954554,0.2843928337097168,-9.169217109680176,0.127486452460289
2025-03-07 02:14:05.786276,320,240,20,20,6.1213977907507795,-0.0021293016616255045,-0.0015969761880114675,0.005324999336153269,0.2843928337097168,-9.169217109680176,0.127486452460289
2025-03-07 02:14:05.821647,320,240,20,20,6.079157788744487,-0.0005323254154063761,-0.009054767899215221,0.0021293016616255045,0.2843928337097168,-9.188830375671387,0.127486452460289
2025-03-07 02:14:05.852554,320,240,20,20,6.017607785821019,-0.0021293016616255045,-0.006391395349055529,0.003728023264557123,0.2843928337097168,-9.169217109680176,0.10787314921617508
2025-03-07 02:14:05.882216,320,240,20,20,6.157040292443708,0.0,-0.007988371886312962,0.004260348621755838,0.2843928337097168,-9.169217109680176,0.127486452460289
2025-03-07 02:14:05.911667,320,240,20,20,6.227677795798809,0.0005323254154063761,-0.010651743970811367,0.0021293016616255045,0.2843928337097168,-9.169217109680176,0.127486452460289
2025-03-07 02:14:05.946732,320,240,20,20,6.1127077903380265,-0.0005323254154063761,-0.005324999336153269,0.0005323254154063761,0.2843928337097168,-9.188830375671387,0.127486452460289
2025-03-07 02:14:05.981229,320,240,20,20,6.138620291568804,0.0021293016616255045,-0.004260348621755838,0.0031956976745277643,0.2843928337097168,-9.188830375671387,0.10787314921617508
2025-03-07 02:14:06.023939,320,240,20,20,6.157377792459738,0.0,-0.0031956976745277643,0.0010646508308127522,0.26477953791618347,-9.169217109680176,0.127486452460289
2025-03-07 02:14:06.066496,320,240,20,20,6.0466252871992765,-0.0031956976745277643,-0.005859069991856813,0.004260348621755838,0.2843928337097168,-9.188830375671387,0.10787314921617508
2025-03-07 02:14:06.105766,320,240,20,20,6.039110286842333,-0.0010646508308127522,-0.0031956976745277643,-0.0021293016616255045,0.2843928337097168,-9.188830375671387,0.14709974825382233
2025-03-07 02:14:06.143937,320,240,20,20,6.135497791420494,-0.0005323254154063761,-0.006391395349055529,0.0021293016616255045,0.26477953791618347,-9.188830375671387,0.14709974825382233
2025-03-07 02:14:06.182110,320,240,20,20,6.064920288068242,-0.0031956976745277643,-0.005324999336153269,0.004260348621755838,0.2843928337097168,-9.169217109680176,0.127486452460289
2025-03-07 02:14:06.220659,320,240,20,20,6.114185290408204,-0.0031956976745277643,-0.008520697243511677,-0.0010646508308127522,0.2843928337097168,-9.188830375671387,0.127486452460289
2025-03-07 02:14:06.254823,320,240,20,20,6.146005291919574,-0.0026616270188242197,-0.0031956976745277643,0.0015969761880114675,0.26477953791618347,-9.169217109680176,0.14709974825382233
2025-03-07 02:14:06.294969,320,240,20,20,6.069130288268207,-0.0031956976745277643,-0.004792673978954554,-0.0015969761880114675,0.2843928337097168,-9.188830375671387,0.10787314921617508
2025-03-07 02:14:06.334900,320,240,20,20,6.135480291419663,-0.0015969761880114675,-0.0031956976745277643,-0.0005323254154063761,0.2843928337097168,-9.188830375671387,0.14709974825382233
2025-03-07 02:14:06.373979,320,240,20,20,6.080452788805997,-0.0015969761880114675,-0.008520697243511677,0.004260348621755838,0.2843928337097168,-9.169217109680176,0.127486452460289
2025-03-07 02:14:06.411809,320,240,20,20,6.241120296437293,0.0010646508308127522,-0.007988371886312962,0.0010646508308127522,0.2843928337097168,-9.169217109680176,0.10787314921617508
2025-03-07 02:14:06.450218,320,240,20,20,6.027350286283763,-0.0026616270188242197,-0.003728023264557123,0.0021293016616255045,0.2843928337097168,-9.169217109680176,0.10787314921617508
2025-03-07 02:14:06.488171,320,240,20,20,6.160055292586913,0.0021293016616255045,-0.004792673978954554,0.004792673978954554,0.2843928337097168,-9.169217109680176,0.14709974825382233
2025-03-07 02:14:06.525140,320,240,20,20,6.192827794143523,-0.004792673978954554,-0.009054767899215221,0.004792673978954554,0.2843928337097168,-9.169217109680176,0.14709974825382233
2025-03-07 02:14:06.565581,320,240,20,20,6.206937794813712,-0.0010646508308127522,-0.010119418613612652,0.004792673978954554,0.2843928337097168,-9.169217109680176,0.127486452460289
2025-03-07 02:14:06.604784,320,240,20,20,6.036057786697347,-0.0010646508308127522,-0.0031956976745277643,0.0010646508308127522,0.3040061295032501,-9.169217109680176,0.127486452460289
2025-03-07 02:14:06.644128,320,240,20,20,6.115580290474464,-0.0015969761880114675,-0.006923720706254244,0.0010646508308127522,0.26477953791618347,-9.169217109680176,0.127486452460289
2025-03-07 02:14:06.682943,320,240,20,20,6.100250289746327,0.0005323254154063761,-0.003728023264557123,0.0,0.2843928337097168,-9.169217109680176,0.14709974825382233
2025-03-07 02:14:06.720028,320,240,20,20,6.143000291776843,-0.005324999336153269,-0.006923720706254244,0.0010646508308127522,0.2843928337097168,-9.188830375671387,0.14709974825382233
2025-03-07 02:14:06.765027,320,240,20,20,6.246127796675137,-0.0026616270188242197,-0.0026616270188242197,0.0010646508308127522,0.2843928337097168,-9.169217109680176,0.127486452460289
2025-03-07 02:14:06.804836,320,240,20,20,6.200542794509966,0.0015969761880114675,-0.009054767899215221,0.005324999336153269,0.2843928337097168,-9.188830375671387,0.127486452460289
2025-03-07 02:14:06.842797,320,240,20,20,6.133452791323362,-0.0021293016616255045,-0.005324999336153269,0.005324999336153269,0.2843928337097168,-9.169217109680176,0.127486452460289
2025-03-07 02:14:06.881517,320,240,20,20,6.132745291289757,0.0010646508308127522,-0.004792673978954554,0.0005323254154063761,0.26477953791618347,-9.188830375671387,0.14709974825382233
2025-03-07 02:14:06.916318,320,240,20,20,6.175080293300562,0.0,-0.006391395349055529,0.0010646508308127522,0.2843928337097168,-9.188830375671387,0.127486452460289
2025-03-07 02:14:06.946604,320,240,20,20,6.174332793265057,0.0010646508308127522,-0.005859069991856813,0.0,0.2843928337097168,-9.188830375671387,0.127486452460289
2025-03-07 02:14:06.976796,320,240,20,20,6.016385285762953,0.0,-0.005859069991856813,-0.0026616270188242197,0.2843928337097168,-9.169217109680176,0.14709974825382233
2025-03-07 02:14:07.006603,320,240,20,20,6.199150294443825,-0.004260348621755838,-0.006391395349055529,0.0021293016616255045,0.2843928337097168,-9.188830375671387,0.127486452460289
2025-03-07 02:14:07.036386,320,240,20,20,6.090547789285483,0.0010646508308127522,-0.003728023264557123,0.0015969761880114675,0.26477953791618347,-9.169217109680176,0.127486452460289
2025-03-07 02:14:07.066012,320,240,20,20,6.106045290021575,-0.0005323254154063761,-0.0015969761880114675,0.0,0.2843928337097168,-9.169217109680176,0.127486452460289
2025-03-07 02:14:07.095674,320,240,20,20,6.212205295063905,-0.0021293016616255045,-0.0015969761880114675,-0.0021293016616255045,0.2843928337097168,-9.169217109680176,0.14709974825382233
2025-03-07 02:14:07.125757,320,240,20,20,6.137927791535913,-0.0021293016616255045,-0.005324999336153269,-0.0005323254154063761,0.2843928337097168,-9.188830375671387,0.127486452460289
2025-03-07 02:14:07.155846,320,240,20,20,6.140295291648362,-0.0021293016616255045,-0.006391395349055529,-0.0026616270188242197,0.2843928337097168,-9.169217109680176,0.127486452460289
2025-03-07 02:14:07.185870,320,240,20,20,6.143162791784562,-0.0031956976745277643,-0.004260348621755838,0.0026616270188242197,0.2843928337097168,-9.169217109680176,0.10787314921617508
2025-03-07 02:14:07.215469,320,240,20,20,6.106342790035706,0.0015969761880114675,-0.004792673978954554,0.003728023264557123,0.26477953791618347,-9.169217109680176,0.127486452460289
2025-03-07 02:14:07.246703,320,240,20,20,6.146285291932872,-0.003728023264557123,-0.009587093256413937,0.0015969761880114675,0.26477953791618347,-9.188830375671387,0.127486452460289
2025-03-07 02:14:07.284267,320,240,20,20,6.090977789305907,-0.004792673978954554,-0.007988371886312962,0.0026616270188242197,0.26477953791618347,-9.169217109680176,0.127486452460289
2025-03-07 02:14:07.314315,320,240,20,20,6.0985602896660565,0.0,-0.004792673978954554,0.0031956976745277643,0.2843928337097168,-9.169217109680176,0.127486452460289
2025-03-07 02:14:07.349532,320,240,20,20,6.125040290923789,-0.003728023264557123,-0.006923720706254244,-0.0005323254154063761,0.2843928337097168,-9.169217109680176,0.127486452460289
2025-03-07 02:14:07.381002,320,240,20,20,6.1107527902451695,0.0026616270188242197,-0.004792673978954554,-0.0005323254154063761,0.2843928337097168,-9.188830375671387,0.127486452460289
2025-03-07 02:14:07.421105,320,240,20,20,6.09809528964397,0.0031956976745277643,-0.006391395349055529,-0.0005323254154063761,0.2843928337097168,-9.169217109680176,0.127486452460289
2025-03-07 02:14:07.460005,320,240,20,20,6.138372791557049,-0.005324999336153269,-0.006391395349055529,0.0010646508308127522,0.2843928337097168,-9.188830375671387,0.127486452460289
2025-03-07 02:14:07.496605,320,240,20,20,6.114445290420553,-0.0005323254154063761,-0.008520697243511677,-0.0026616270188242197,0.26477953791618347,-9.169217109680176,0.127486452460289
2025-03-07 02:14:07.533635,320,240,20,20,6.1023677898469035,-0.0005323254154063761,-0.009054767899215221,0.0005323254154063761,0.3040061295032501,-9.188830375671387,0.127486452460289
2025-03-07 02:14:07.570801,320,240,20,20,6.110550290235551,-0.0021293016616255045,-0.003728023264557123,0.0026616270188242197,0.26477953791618347,-9.169217109680176,0.10787314921617508
2025-03-07 02:14:07.610812,320,240,20,20,6.107537790092465,-0.0010646508308127522,-0.007456046529114246,0.0005323254154063761,0.2843928337097168,-9.169217109680176,0.127486452460289
2025-03-07 02:14:07.653286,320,240,20,20,6.106075290023,-0.0015969761880114675,-0.004792673978954554,0.0026616270188242197,0.2843928337097168,-9.188830375671387,0.127486452460289
2025-03-07 02:14:07.694639,320,240,20,20,6.184612793753331,0.0015969761880114675,-0.005324999336153269,0.0005323254154063761,0.2843928337097168,-9.169217109680176,0.127486452460289
2025-03-07 02:14:07.734262,320,240,20,20,6.142852791769838,-0.0021293016616255045,-0.011184069328010082,0.0005323254154063761,0.2843928337097168,-9.188830375671387,0.14709974825382233
2025-03-07 02:14:07.778033,320,240,20,20,6.120232790695445,-0.003728023264557123,-0.005859069991856813,0.0005323254154063761,0.2843928337097168,-9.169217109680176,0.10787314921617508
2025-03-07 02:14:07.817698,320,240,20,20,6.093127789408027,0.0026616270188242197,-0.0021293016616255045,-0.0021293016616255045,0.2843928337097168,-9.188830375671387,0.127486452460289
2025-03-07 02:14:07.854274,320,240,20,20,6.035605286675855,0.0026616270188242197,-0.005859069991856813,0.0015969761880114675,0.2843928337097168,-9.169217109680176,0.10787314921617508
2025-03-07 02:14:07.892995,320,240,20,20,6.117217790552241,0.0021293016616255045,-0.003728023264557123,-0.0021293016616255045,0.2843928337097168,-9.169217109680176,0.14709974825382233
2025-03-07 02:14:07.931914,320,240,20,20,6.09067278929142,0.0,-0.004792673978954554,0.0021293016616255045,0.2843928337097168,-9.169217109680176,0.127486452460289
2025-03-07 02:14:07.971502,320,240,20,20,6.061802787920169,-0.0026616270188242197,-0.007456046529114246,-0.0010646508308127522,0.2843928337097168,-9.169217109680176,0.127486452460289
2025-03-07 02:14:08.008501,320,240,20,20,6.205200294731185,0.0026616270188242197,-0.0026616270188242197,0.0026616270188242197,0.2843928337097168,-9.169217109680176,0.127486452460289
2025-03-07 02:14:08.048901,320,240,20,20,6.135845291436999,-0.0005323254154063761,-0.0005323254154063761,0.0,0.2843928337097168,-9.169217109680176,0.127486452460289
2025-03-07 02:14:08.087721,320,240,20,20,6.135417791416694,-0.0021293016616255045,-0.010651743970811367,0.0010646508308127522,0.2843928337097168,-9.188830375671387,0.127486452460289
2025-03-07 02:14:08.126578,320,240,20,20,6.239942796381365,-0.0026616270188242197,-0.006391395349055529,0.004792673978954554,0.2843928337097168,-9.169217109680176,0.10787314921617508
2025-03-07 02:14:08.167076,320,240,20,20,6.147247791978589,0.0010646508308127522,-0.007456046529114246,-0.0005323254154063761,0.26477953791618347,-9.188830375671387,0.127486452460289
2025-03-07 02:14:08.217085,320,240,20,20,6.099490289710229,-0.005324999336153269,-0.009054767899215221,0.0031956976745277643,0.2843928337097168,-9.169217109680176,0.127486452460289
2025-03-07 02:14:08.265117,320,240,20,20,6.1296427911423965,-0.0026616270188242197,-0.006923720706254244,-0.0010646508308127522,0.2843928337097168,-9.169217109680176,0.127486452460289
2025-03-07 02:14:08.309235,320,240,20,20,6.060162787842273,-0.003728023264557123,-0.0015969761880114675,0.0005323254154063761,0.2843928337097168,-9.169217109680176,0.14709974825382233
2025-03-07 02:14:08.342883,320,240,20,20,6.153750292287441,-0.0026616270188242197,-0.005859069991856813,-0.0026616270188242197,0.2843928337097168,-9.169217109680176,0.10787314921617508
2025-03-07 02:14:08.373133,320,240,20,20,6.153620292281266,0.0,-0.003728023264557123,0.0,0.26477953791618347,-9.169217109680176,0.10787314921617508
2025-03-07 02:14:08.403151,320,240,20,20,6.202650294610066,-0.0031956976745277643,0.0005323254154063761,0.004260348621755838,0.26477953791618347,-9.169217109680176,0.127486452460289
2025-03-07 02:14:08.432292,320,240,20,20,6.063085287981084,0.0005323254154063761,-0.005859069991856813,0.0010646508308127522,0.2843928337097168,-9.169217109680176,0.14709974825382233
2025-03-07 02:14:08.461737,320,240,20,20,6.084555289000855,-0.0005323254154063761,-0.006923720706254244,0.0015969761880114675,0.2843928337097168,-9.169217109680176,0.127486452460289
2025-03-07 02:14:08.491528,320,240,20,20,6.102387789847853,-0.0031956976745277643,-0.011718139983713627,0.0005323254154063761,0.2843928337097168,-9.169217109680176,0.127486452460289
2025-03-07 02:14:08.521197,320,240,20,20,6.109740290197078,0.0015969761880114675,-0.0031956976745277643,0.004792673978954554,0.2843928337097168,-9.169217109680176,0.10787314921617508
2025-03-07 02:14:08.550691,320,240,20,20,6.117732790576701,-0.0021293016616255045,-0.003728023264557123,0.0021293016616255045,0.26477953791618347,-9.149603843688965,0.127486452460289
2025-03-07 02:14:08.581130,320,240,20,20,6.063887788019201,-0.0005323254154063761,-0.006923720706254244,0.004792673978954554,0.3040061295032501,-9.169217109680176,0.14709974825382233
2025-03-07 02:14:08.619456,320,240,20,20,6.1299552911572395,0.0021293016616255045,-0.004260348621755838,0.0031956976745277643,0.2843928337097168,-9.188830375671387,0.10787314921617508
2025-03-07 02:14:08.649666,320,240,20,20,6.03842028680956,-0.005324999336153269,-0.0031956976745277643,0.0010646508308127522,0.3040061295032501,-9.169217109680176,0.127486452460289
2025-03-07 02:14:08.683434,320,240,20,20,6.079700288770255,-0.0010646508308127522,-0.006923720706254244,0.004792673978954554,0.2843928337097168,-9.169217109680176,0.10787314921617508
2025-03-07 02:14:08.717657,320,240,20,20,6.210142794965941,-0.0031956976745277643,-0.003728023264557123,-0.0026616270188242197,0.2843928337097168,-9.169217109680176,0.127486452460289
2025-03-07 02:14:08.750416,320,240,20,20,6.068197788223915,-0.0021293016616255045,-0.0031956976745277643,-0.0005323254154063761,0.26477953791618347,-9.149603843688965,0.127486452460289
2025-03-07 02:14:08.784929,320,240,20,20,6.066487788142695,-0.0005323254154063761,-0.0026616270188242197,-0.0005323254154063761,0.2843928337097168,-9.169217109680176,0.127486452460289
2025-03-07 02:14:08.814778,320,240,20,20,6.107395290085696,0.0015969761880114675,-0.004260348621755838,0.0,0.2843928337097168,-9.169217109680176,0.127486452460289
2025-03-07 02:14:08.852067,320,240,20,20,6.041022786933172,-0.0010646508308127522,-0.011184069328010082,0.0005323254154063761,0.2843928337097168,-9.188830375671387,0.127486452460289
2025-03-07 02:14:08.882061,320,240,20,20,6.11103029025835,0.0005323254154063761,-0.003728023264557123,0.003728023264557123,0.26477953791618347,-9.149603843688965,0.14709974825382233
2025-03-07 02:14:08.917094,320,240,20,20,6.097810289630433,0.0005323254154063761,-0.006923720706254244,0.0005323254154063761,0.26477953791618347,-9.169217109680176,0.127486452460289
2025-03-07 02:14:08.949815,320,240,20,20,6.159955292582163,-0.003728023264557123,-0.009054767899215221,0.0005323254154063761,0.2843928337097168,-9.169217109680176,0.127486452460289
2025-03-07 02:14:08.983464,320,240,20,20,6.189557793988206,-0.0005323254154063761,0.0005323254154063761,0.0026616270188242197,0.3040061295032501,-9.169217109680176,0.127486452460289
2025-03-07 02:14:09.016715,320,240,20,20,6.112727790338977,-0.0015969761880114675,-0.0031956976745277643,0.003728023264557123,0.26477953791618347,-9.169217109680176,0.127486452460289
2025-03-07 02:14:09.049730,320,240,20,20,6.122250290791271,-0.0026616270188242197,-0.004792673978954554,0.0015969761880114675,0.2843928337097168,-9.169217109680176,0.127486452460289
2025-03-07 02:14:09.083576,320,240,20,20,6.073605288480758,-0.0021293016616255045,-0.007456046529114246,0.0010646508308127522,0.2843928337097168,-9.169217109680176,0.127486452460289
2025-03-07 02:14:09.116498,320,240,20,20,6.118275290602469,-0.0031956976745277643,-0.007988371886312962,0.004260348621755838,0.2843928337097168,-9.169217109680176,0.10787314921617508
2025-03-07 02:14:09.151863,320,240,20,20,6.01084028549958,-0.0010646508308127522,-0.0031956976745277643,-0.0005323254154063761,0.26477953791618347,-9.169217109680176,0.127486452460289
2025-03-07 02:14:09.182977,320,240,20,20,6.062557787956029,0.004260348621755838,-0.0026616270188242197,0.0021293016616255045,0.2843928337097168,-9.169217109680176,0.14709974825382233
2025-03-07 02:14:09.216704,320,240,20,20,6.101235289793112,-0.004260348621755838,-0.007456046529114246,0.0015969761880114675,0.26477953791618347,-9.169217109680176,0.14709974825382233
2025-03-07 02:14:09.250694,320,240,20,20,6.117380290559959,0.0,-0.003728023264557123,0.0031956976745277643,0.2843928337097168,-9.188830375671387,0.127486452460289
2025-03-07 02:14:09.283704,320,240,20,20,6.176207793354115,0.0021293016616255045,-0.008520697243511677,0.006923720706254244,0.2843928337097168,-9.149603843688965,0.10787314921617508
2025-03-07 02:14:09.323720,320,240,20,20,6.128595291092642,-0.0031956976745277643,-0.007456046529114246,0.003728023264557123,0.2843928337097168,-9.188830375671387,0.10787314921617508
2025-03-07 02:14:09.361534,320,240,20,20,6.1031677898849015,0.0026616270188242197,-0.007988371886312962,0.005324999336153269,0.26477953791618347,-9.169217109680176,0.127486452460289
2025-03-07 02:14:09.398479,320,240,20,20,6.041000286932103,-0.004792673978954554,-0.007456046529114246,0.005859069991856813,0.26477953791618347,-9.188830375671387,0.10787314921617508
2025-03-07 02:14:09.437306,320,240,20,20,6.201602794560313,-0.0005323254154063761,-0.006923720706254244,0.0,0.2843928337097168,-9.169217109680176,0.14709974825382233
2025-03-07 02:14:09.476661,320,240,20,20,6.097562789618678,0.0005323254154063761,-0.0015969761880114675,0.0026616270188242197,0.26477953791618347,-9.169217109680176,0.127486452460289
2025-03-07 02:14:09.519085,320,240,20,20,6.140407791653706,-0.0031956976745277643,-0.006923720706254244,0.0,0.2843928337097168,-9.149603843688965,0.127486452460289
2025-03-07 02:14:09.556653,320,240,20,20,6.134765291385702,-0.0015969761880114675,-0.006923720706254244,0.003728023264557123,0.3040061295032501,-9.169217109680176,0.14709974825382233
2025-03-07 02:14:09.595191,320,240,20,20,6.148295292028342,-0.006923720706254244,-0.006391395349055529,-0.0010646508308127522,0.3040061295032501,-9.169217109680176,0.14709974825382233
2025-03-07 02:14:09.632514,320,240,20,20,6.183762793712958,0.0,0.0015969761880114675,0.0015969761880114675,0.26477953791618347,-9.188830375671387,0.14709974825382233
2025-03-07 02:14:09.670604,320,240,20,20,6.078342788705777,-0.0005323254154063761,-0.009054767899215221,0.004260348621755838,0.2843928337097168,-9.169217109680176,0.14709974825382233
2025-03-07 02:14:09.707947,320,240,20,20,6.143597791805223,0.0010646508308127522,-0.003728023264557123,0.0010646508308127522,0.2843928337097168,-9.169217109680176,0.127486452460289
2025-03-07 02:14:09.748176,320,240,20,20,6.104437789945223,-0.0010646508308127522,-0.005859069991856813,0.0,0.2843928337097168,-9.169217109680176,0.08825984597206116
2025-03-07 02:14:09.789762,320,240,20,20,6.121637790762179,0.0010646508308127522,-0.007988371886312962,0.0015969761880114675,0.2843928337097168,-9.188830375671387,0.127486452460289
2025-03-07 02:14:09.830191,320,240,20,20,6.038835286829271,0.003728023264557123,-0.0021293016616255045,0.0021293016616255045,0.2843928337097168,-9.188830375671387,0.127486452460289
2025-03-07 02:14:09.868839,320,240,20,20,6.091795289344736,-0.0026616270188242197,-0.008520697243511677,0.0005323254154063761,0.2843928337097168,-9.169217109680176,0.127486452460289
2025-03-07 02:14:09.907101,320,240,20,20,6.1381202915450555,-0.0005323254154063761,-0.008520697243511677,0.003728023264557123,0.2843928337097168,-9.188830375671387,0.127486452460289
2025-03-07 02:14:09.944770,320,240,20,20,6.109720290196128,0.0005323254154063761,-0.006923720706254244,0.0015969761880114675,0.2843928337097168,-9.169217109680176,0.10787314921617508
2025-03-07 02:14:09.988598,320,240,20,20,6.23052029593382,-0.0005323254154063761,-0.007456046529114246,0.0021293016616255045,0.26477953791618347,-9.169217109680176,0.127486452460289
2025-03-07 02:14:10.025641,320,240,20,20,6.123405290846131,-0.0015969761880114675,-0.0026616270188242197,-0.0015969761880114675,0.2843928337097168,-9.169217109680176,0.14709974825382233
2025-03-07 02:14:10.064574,320,240,20,20,6.094622789479035,-0.0031956976745277643,-0.003728023264557123,0.003728023264557123,0.2843928337097168,-9.169217109680176,0.127486452460289
2025-03-07 02:14:10.103089,320,240,20,20,6.170910293102497,-0.0031956976745277643,-0.0010646508308127522,0.004260348621755838,0.2843928337097168,-9.188830375671387,0.127486452460289
2025-03-07 02:14:10.140805,320,240,20,20,6.2299202959053215,-0.0031956976745277643,-0.005324999336153269,0.003728023264557123,0.2843928337097168,-9.169217109680176,0.14709974825382233
2025-03-07 02:14:10.178031,320,240,20,20,6.117255290554022,0.0026616270188242197,-0.007988371886312962,0.0031956976745277643,0.2843928337097168,-9.169217109680176,0.127486452460289
2025-03-07 02:14:10.216129,320,240,20,20,6.11757779056934,-0.0015969761880114675,-0.008520697243511677,0.0021293016616255045,0.26477953791618347,-9.188830375671387,0.16671304404735565
2025-03-07 02:14:10.254545,320,240,20,20,6.1388727915807975,-0.0015969761880114675,-0.006923720706254244,0.0005323254154063761,0.2843928337097168,-9.169217109680176,0.127486452460289
2025-03-07 02:14:10.293370,320,240,20,20,6.102742789864715,-0.0010646508308127522,-0.012782790698111057,0.003728023264557123,0.2843928337097168,-9.188830375671387,0.127486452460289
2025-03-07 02:14:10.332197,320,240,20,20,6.199370294454274,-0.0031956976745277643,-0.004792673978954554,0.004260348621755838,0.2843928337097168,-9.169217109680176,0.127486452460289
2025-03-07 02:14:10.370782,320,240,20,20,6.117172790550103,-0.0015969761880114675,-0.006391395349055529,0.0031956976745277643,0.2843928337097168,-9.169217109680176,0.127486452460289
2025-03-07 02:14:10.409839,320,240,20,20,6.067285288180574,0.003728023264557123,-0.004792673978954554,0.0005323254154063761,0.2843928337097168,-9.149603843688965,0.14709974825382233
2025-03-07 02:14:10.448095,320,240,20,20,6.083755288962857,-0.0031956976745277643,-0.0015969761880114675,0.0005323254154063761,0.2843928337097168,-9.188830375671387,0.14709974825382233
2025-03-07 02:14:10.487603,320,240,20,20,6.064192788033688,0.0021293016616255045,-0.006391395349055529,0.0005323254154063761,0.2843928337097168,-9.169217109680176,0.127486452460289
2025-03-07 02:14:10.525236,320,240,20,20,6.186372793836926,-0.0005323254154063761,-0.0010646508308127522,-0.0005323254154063761,0.2843928337097168,-9.188830375671387,0.14709974825382233
2025-03-07 02:14:10.567349,320,240,20,20,6.12509779092652,-0.0005323254154063761,-0.005324999336153269,0.0005323254154063761,0.2843928337097168,-9.169217109680176,0.127486452460289
2025-03-07 02:14:10.604654,320,240,20,20,6.249990296858596,0.0005323254154063761,-0.004792673978954554,0.0005323254154063761,0.26477953791618347,-9.169217109680176,0.14709974825382233
2025-03-07 02:14:10.641062,320,240,20,20,6.111180290265475,0.0,-0.006391395349055529,0.0021293016616255045,0.3040061295032501,-9.188830375671387,0.127486452460289
2025-03-07 02:14:10.677182,320,240,20,20,6.046587787197495,0.0005323254154063761,-0.009587093256413937,0.0005323254154063761,0.2843928337097168,-9.169217109680176,0.127486452460289
2025-03-07 02:14:10.709371,320,240,20,20,6.074530288524693,-0.004792673978954554,-0.006923720706254244,0.003728023264557123,0.2843928337097168,-9.169217109680176,0.10787314921617508
2025-03-07 02:14:10.747017,320,240,20,20,6.150480292132125,0.0,-0.006923720706254244,0.0015969761880114675,0.2843928337097168,-9.169217109680176,0.127486452460289
2025-03-07 02:14:10.785912,320,240,20,20,6.104257789936673,0.0005323254154063761,-0.006391395349055529,-0.0015969761880114675,0.2843928337097168,-9.169217109680176,0.127486452460289
2025-03-07 02:14:10.824110,320,240,20,20,6.112955290349783,-0.003728023264557123,-0.011184069328010082,0.003728023264557123,0.2843928337097168,-9.149603843688965,0.14709974825382233
2025-03-07 02:14:10.863212,320,240,20,20,6.116460290516261,0.0,-0.006391395349055529,0.0,0.2843928337097168,-9.149603843688965,0.10787314921617508
2025-03-07 02:14:10.900066,320,240,20,20,6.1893802939797755,-0.0005323254154063761,-0.004260348621755838,0.0026616270188242197,0.26477953791618347,-9.188830375671387,0.10787314921617508
2025-03-07 02:14:10.939002,320,240,20,20,6.1622852926928315,-0.0005323254154063761,-0.006391395349055529,0.0,0.2843928337097168,-9.188830375671387,0.127486452460289
2025-03-07 02:14:10.976630,320,240,20,20,6.1759427933415285,-0.0026616270188242197,-0.009587093256413937,0.0010646508308127522,0.2843928337097168,-9.169217109680176,0.127486452460289
2025-03-07 02:14:11.014821,320,240,20,20,6.134107791354472,-0.0005323254154063761,-0.0031956976745277643,0.0031956976745277643,0.2843928337097168,-9.188830375671387,0.127486452460289
2025-03-07 02:14:11.053111,320,240,20,20,6.130060291162226,-0.0015969761880114675,-0.008520697243511677,0.003728023264557123,0.2843928337097168,-9.149603843688965,0.127486452460289
2025-03-07 02:14:11.090077,320,240,20,20,6.05010028736433,-0.0031956976745277643,-0.006391395349055529,0.0,0.2843928337097168,-9.169217109680176,0.127486452460289
2025-03-07 02:14:11.122755,320,240,20,20,6.13753529151727,0.0005323254154063761,-0.004260348621755838,0.0015969761880114675,0.2843928337097168,-9.149603843688965,0.10787314921617508
2025-03-07 02:14:11.152429,320,240,20,20,6.094502789473336,0.0010646508308127522,-0.005324999336153269,0.0031956976745277643,0.3040061295032501,-9.169217109680176,0.127486452460289
2025-03-07 02:14:11.185234,320,240,20,20,6.193897794194345,-0.0005323254154063761,-0.004792673978954554,-0.0005323254154063761,0.2843928337097168,-9.188830375671387,0.14709974825382233
2025-03-07 02:14:11.220122,320,240,20,20,6.130760291195474,-0.0015969761880114675,-0.005859069991856813,-0.0015969761880114675,0.26477953791618347,-9.169217109680176,0.127486452460289
2025-03-07 02:14:11.252348,320,240,20,20,6.186727793853788,0.0,-0.007456046529114246,0.0,0.26477953791618347,-9.169217109680176,0.10787314921617508
2025-03-07 02:14:11.292241,320,240,20,20,6.106242790030956,-0.0005323254154063761,-0.006923720706254244,0.0015969761880114675,0.2843928337097168,-9.169217109680176,0.14709974825382233
2025-03-07 02:14:11.331778,320,240,20,20,6.066385288137826,0.0,-0.005324999336153269,0.0005323254154063761,0.26477953791618347,-9.169217109680176,0.127486452460289
2025-03-07 02:14:11.371119,320,240,20,20,6.029090286366409,0.0005323254154063761,-0.007988371886312962,0.0010646508308127522,0.2843928337097168,-9.169217109680176,0.14709974825382233
2025-03-07 02:14:11.408780,320,240,20,20,6.135062791399832,-0.0010646508308127522,-0.008520697243511677,0.004260348621755838,0.2843928337097168,-9.169217109680176,0.14709974825382233
2025-03-07 02:14:11.447708,320,240,20,20,6.085145289028878,-0.0021293016616255045,-0.007456046529114246,0.0,0.2843928337097168,-9.169217109680176,0.127486452460289
2025-03-07 02:14:11.485672,320,240,20,20,6.149242792073347,-0.0005323254154063761,-0.0026616270188242197,-0.0031956976745277643,0.26477953791618347,-9.169217109680176,0.10787314921617508
2025-03-07 02:14:11.523190,320,240,20,20,6.105492789995333,0.0,-0.011184069328010082,0.0005323254154063761,0.3040061295032501,-9.188830375671387,0.10787314921617508
2025-03-07 02:14:11.561350,320,240,20,20,6.155607792375667,0.0,-0.004260348621755838,0.0026616270188242197,0.2843928337097168,-9.188830375671387,0.14709974825382233
2025-03-07 02:14:11.594928,320,240,20,20,6.092890289396746,-0.0021293016616255045,-0.005324999336153269,0.0010646508308127522,0.2843928337097168,-9.169217109680176,0.127486452460289
2025-03-07 02:14:11.633716,320,240,20,20,6.156747792429814,0.0005323254154063761,-0.0031956976745277643,-0.0005323254154063761,0.2843928337097168,-9.169217109680176,0.10787314921617508
2025-03-07 02:14:11.674090,320,240,20,20,6.069982788308698,-0.0015969761880114675,-0.008520697243511677,0.0005323254154063761,0.3040061295032501,-9.169217109680176,0.10787314921617508
2025-03-07 02:14:11.719898,320,240,20,20,6.103920289920643,-0.0005323254154063761,-0.006923720706254244,0.003728023264557123,0.2843928337097168,-9.169217109680176,0.10787314921617508
2025-03-07 02:14:11.757967,320,240,20,20,6.110165290217265,-0.0010646508308127522,-0.006923720706254244,0.0015969761880114675,0.2843928337097168,-9.169217109680176,0.14709974825382233
2025-03-07 02:14:11.803759,320,240,20,20,6.061497787905682,0.0031956976745277643,-0.005324999336153269,0.0010646508308127522,0.2843928337097168,-9.169217109680176,0.127486452460289
2025-03-07 02:14:11.842463,320,240,20,20,6.135270291409688,-0.0005323254154063761,-0.004260348621755838,-0.0005323254154063761,0.2843928337097168,-9.169217109680176,0.127486452460289
2025-03-07 02:14:11.881082,320,240,20,20,6.003367785144656,-0.004792673978954554,-0.007988371886312962,0.0031956976745277643,0.3040061295032501,-9.169217109680176,0.10787314921617508
2025-03-07 02:14:11.919535,320,240,20,20,6.136362791461579,-0.0026616270188242197,-0.006923720706254244,0.0026616270188242197,0.2843928337097168,-9.169217109680176,0.127486452460289
2025-03-07 02:14:11.954847,320,240,20,20,6.2586577972702795,-0.0005323254154063761,-0.006391395349055529,0.0031956976745277643,0.2843928337097168,-9.169217109680176,0.14709974825382233
2025-03-07 02:14:11.985305,320,240,20,20,6.153667792283523,0.0015969761880114675,-0.005859069991856813,0.0015969761880114675,0.2843928337097168,-9.169217109680176,0.14709974825382233
2025-03-07 02:14:12.015908,320,240,20,20,6.077785288679297,-0.0015969761880114675,-0.005324999336153269,0.0015969761880114675,0.2843928337097168,-9.169217109680176,0.10787314921617508
2025-03-07 02:14:12.045600,320,240,20,20,6.090990289306501,0.0021293016616255045,-0.0031956976745277643,0.0010646508308127522,0.2843928337097168,-9.188830375671387,0.127486452460289
2025-03-07 02:14:12.075609,320,240,20,20,6.067795288204797,0.0026616270188242197,-0.005859069991856813,0.0031956976745277643,0.2843928337097168,-9.169217109680176,0.127486452460289
2025-03-07 02:14:12.105453,320,240,20,20,6.120165290692239,-0.0010646508308127522,-0.006923720706254244,0.0,0.2843928337097168,-9.169217109680176,0.127486452460289
2025-03-07 02:14:12.135708,320,240,20,20,6.152672792236262,0.0021293016616255045,-0.004792673978954554,0.0021293016616255045,0.2843928337097168,-9.169217109680176,0.127486452460289
2025-03-07 02:14:12.165707,320,240,20,20,6.14609279192373,-0.0015969761880114675,-0.007456046529114246,0.0015969761880114675,0.26477953791618347,-9.188830375671387,0.14709974825382233
2025-03-07 02:14:12.195535,320,240,20,20,6.199540294462349,-0.0026616270188242197,-0.010119418613612652,0.0010646508308127522,0.26477953791618347,-9.188830375671387,0.127486452460289
2025-03-07 02:14:12.225074,320,240,20,20,6.173037793203548,0.0010646508308127522,-0.0031956976745277643,0.004260348621755838,0.2843928337097168,-9.169217109680176,0.127486452460289
2025-03-07 02:14:12.254848,320,240,20,20,6.210445294980309,-0.0010646508308127522,-0.003728023264557123,0.004792673978954554,0.2843928337097168,-9.188830375671387,0.10787314921617508
2025-03-07 02:14:12.292313,320,240,20,20,6.104975289970753,-0.005859069991856813,-0.009054767899215221,0.0031956976745277643,0.2843928337097168,-9.169217109680176,0.10787314921617508
2025-03-07 02:14:12.335317,320,240,20,20,6.100667789766158,0.0,-0.005859069991856813,0.0015969761880114675,0.26477953791618347,-9.169217109680176,0.127486452460289
2025-03-07 02:14:12.373941,320,240,20,20,6.179910293529974,-0.0010646508308127522,-0.004260348621755838,0.004260348621755838,0.2843928337097168,-9.169217109680176,0.127486452460289
2025-03-07 02:14:12.413770,320,240,20,20,6.212860295095015,-0.0015969761880114675,-0.006391395349055529,0.0015969761880114675,0.3040061295032501,-9.169217109680176,0.127486452460289
2025-03-07 02:14:12.449362,320,240,20,20,6.155375292364624,0.0010646508308127522,-0.005324999336153269,-0.0005323254154063761,0.2843928337097168,-9.169217109680176,0.127486452460289
2025-03-07 02:14:12.479827,320,240,20,20,6.1920002941042185,-0.0021293016616255045,-0.0015969761880114675,0.003728023264557123,0.2843928337097168,-9.169217109680176,0.10787314921617508
2025-03-07 02:14:12.509670,320,240,20,20,6.1557702923833855,-0.0015969761880114675,-0.004260348621755838,0.0,0.2843928337097168,-9.188830375671387,0.14709974825382233
2025-03-07 02:14:12.539126,320,240,20,20,6.212925295098103,-0.0010646508308127522,-0.007988371886312962,0.005324999336153269,0.26477953791618347,-9.169217109680176,0.127486452460289
2025-03-07 02:14:12.575384,320,240,20,20,6.169530293036951,-0.0021293016616255045,-0.004260348621755838,0.0021293016616255045,0.2843928337097168,-9.188830375671387,0.127486452460289
2025-03-07 02:14:12.619370,320,240,20,20,6.078100288694259,0.0015969761880114675,-0.004792673978954554,0.0021293016616255045,0.26477953791618347,-9.188830375671387,0.127486452460289
2025-03-07 02:14:12.672741,320,240,20,20,6.092905289397459,0.0010646508308127522,-0.005324999336153269,0.0010646508308127522,0.2843928337097168,-9.188830375671387,0.127486452460289
2025-03-07 02:14:12.717698,320,240,20,20,6.133510291326092,0.0015969761880114675,-0.007988371886312962,-0.0010646508308127522,0.2843928337097168,-9.169217109680176,0.127486452460289
2025-03-07 02:14:12.758994,320,240,20,20,6.182595293657505,-0.0005323254154063761,-0.005324999336153269,0.0010646508308127522,0.2843928337097168,-9.169217109680176,0.14709974825382233
2025-03-07 02:14:12.805814,320,240,20,20,6.060570287861628,-0.0026616270188242197,-0.003728023264557123,0.0031956976745277643,0.2843928337097168,-9.169217109680176,0.10787314921617508
2025-03-07 02:14:12.845601,320,240,20,20,6.159147792543808,0.0,-0.004792673978954554,0.0010646508308127522,0.2843928337097168,-9.169217109680176,0.14709974825382233
2025-03-07 02:14:12.885832,320,240,20,20,6.303995299423695,-0.0015969761880114675,-0.005859069991856813,0.005324999336153269,0.2843928337097168,-9.169217109680176,0.127486452460289
2025-03-07 02:14:12.922620,320,240,20,20,6.09302028940292,-0.005859069991856813,-0.006923720706254244,0.0031956976745277643,0.2843928337097168,-9.188830375671387,0.127486452460289
2025-03-07 02:14:12.955232,320,240,20,20,6.190652794040216,-0.0021293016616255045,-0.005324999336153269,-0.0005323254154063761,0.2843928337097168,-9.188830375671387,0.14709974825382233
2025-03-07 02:14:12.985119,320,240,20,20,6.10438278994261,-0.0010646508308127522,-0.005859069991856813,0.005859069991856813,0.26477953791618347,-9.188830375671387,0.127486452460289
2025-03-07 02:14:13.015499,320,240,20,20,6.0975827896196275,0.003728023264557123,-0.007988371886312962,0.0,0.2843928337097168,-9.169217109680176,0.127486452460289
2025-03-07 02:14:13.045980,320,240,20,20,6.167732792951574,-0.0005323254154063761,-0.006923720706254244,0.0015969761880114675,0.2843928337097168,-9.169217109680176,0.127486452460289
2025-03-07 02:14:13.075711,320,240,20,20,6.085955289067352,0.0010646508308127522,-0.0005323254154063761,0.004792673978954554,0.26477953791618347,-9.188830375671387,0.10787314921617508
2025-03-07 02:14:13.105701,320,240,20,20,6.1909777940556525,-0.0015969761880114675,-0.004792673978954554,0.004260348621755838,0.2843928337097168,-9.169217109680176,0.127486452460289
2025-03-07 02:14:13.135568,320,240,20,20,6.021475286004716,0.0015969761880114675,-0.007456046529114246,0.0031956976745277643,0.2843928337097168,-9.169217109680176,0.127486452460289
2025-03-07 02:14:13.164746,320,240,20,20,6.160035292585962,-0.0010646508308127522,-0.007456046529114246,0.0021293016616255045,0.26477953791618347,-9.188830375671387,0.127486452460289
2025-03-07 02:14:13.194786,320,240,20,20,6.193495294175227,-0.0015969761880114675,-0.004260348621755838,0.0031956976745277643,0.2843928337097168,-9.169217109680176,0.127486452460289
2025-03-07 02:14:13.235055,320,240,20,20,6.121145290738786,0.0021293016616255045,-0.004260348621755838,0.0026616270188242197,0.2843928337097168,-9.169217109680176,0.127486452460289
2025-03-07 02:14:13.269593,320,240,20,20,6.101937789826479,-0.0010646508308127522,-0.009054767899215221,-0.0005323254154063761,0.2843928337097168,-9.169217109680176,0.127486452460289
2025-03-07 02:14:13.299549,320,240,20,20,6.141272791694791,-0.0010646508308127522,-0.008520697243511677,0.004792673978954554,0.2843928337097168,-9.169217109680176,0.127486452460289
2025-03-07 02:14:13.329386,320,240,20,20,6.112830290343846,-0.0026616270188242197,-0.005324999336153269,0.0021293016616255045,0.2843928337097168,-9.169217109680176,0.127486452460289
2025-03-07 02:14:13.358959,320,240,20,20,6.152370292221894,-0.004260348621755838,-0.007988371886312962,0.0010646508308127522,0.2843928337097168,-9.188830375671387,0.127486452460289
2025-03-07 02:14:13.388872,320,240,20,20,6.062220287939999,0.0005323254154063761,-0.003728023264557123,0.0010646508308127522,0.26477953791618347,-9.169217109680176,0.127486452460289
2025-03-07 02:14:13.420114,320,240,20,20,6.169895293054287,0.0,-0.007988371886312962,0.0021293016616255045,0.26477953791618347,-9.188830375671387,0.10787314921617508
2025-03-07 02:14:13.460015,320,240,20,20,6.103162789884664,-0.0005323254154063761,-0.005324999336153269,0.003728023264557123,0.2843928337097168,-9.188830375671387,0.127486452460289
2025-03-07 02:14:13.500681,320,240,20,20,6.0905302892846525,0.0010646508308127522,-0.004260348621755838,0.0010646508308127522,0.2843928337097168,-9.169217109680176,0.10787314921617508
2025-03-07 02:14:13.540227,320,240,20,20,6.181055293584359,-0.0010646508308127522,-0.009587093256413937,0.0031956976745277643,0.2843928337097168,-9.169217109680176,0.127486452460289
2025-03-07 02:14:13.578170,320,240,20,20,6.216237795255438,-0.0021293016616255045,-0.0031956976745277643,0.0026616270188242197,0.2843928337097168,-9.169217109680176,0.127486452460289
2025-03-07 02:14:13.617007,320,240,20,20,6.077347788658517,-0.003728023264557123,-0.004260348621755838,0.0026616270188242197,0.2843928337097168,-9.169217109680176,0.127486452460289
2025-03-07 02:14:13.654999,320,240,20,20,6.067400288186036,0.0005323254154063761,-0.003728023264557123,0.004260348621755838,0.2843928337097168,-9.188830375671387,0.10787314921617508
2025-03-07 02:14:13.693054,320,240,20,20,6.151650292187696,-0.007456046529114246,-0.008520697243511677,0.0021293016616255045,0.2843928337097168,-9.169217109680176,0.127486452460289
2025-03-07 02:14:13.736434,320,240,20,20,6.124140290881042,-0.0015969761880114675,-0.005324999336153269,0.0021293016616255045,0.2843928337097168,-9.169217109680176,0.127486452460289
2025-03-07 02:14:13.768675,320,240,20,20,6.187760293902829,-0.0026616270188242197,-0.0015969761880114675,0.0005323254154063761,0.26477953791618347,-9.169217109680176,0.127486452460289
2025-03-07 02:14:13.798780,320,240,20,20,6.1530602922546676,0.0005323254154063761,-0.006391395349055529,0.0010646508308127522,0.2843928337097168,-9.169217109680176,0.127486452460289
2025-03-07 02:14:13.828738,320,240,20,20,6.139735291621764,-0.007456046529114246,-0.005324999336153269,0.0015969761880114675,0.2843928337097168,-9.149603843688965,0.10787314921617508
2025-03-07 02:14:13.859067,320,240,20,20,6.111687790289579,-0.0021293016616255045,-0.004792673978954554,0.004260348621755838,0.2843928337097168,-9.169217109680176,0.127486452460289
2025-03-07 02:14:13.889176,320,240,20,20,6.143022791777912,0.0026616270188242197,-0.0026616270188242197,-0.0010646508308127522,0.2843928337097168,-9.169217109680176,0.127486452460289
2025-03-07 02:14:13.920600,320,240,20,20,6.0938552894425815,-0.0031956976745277643,-0.009587093256413937,0.0010646508308127522,0.2843928337097168,-9.188830375671387,0.127486452460289
2025-03-07 02:14:13.960467,320,240,20,20,6.1234802908496935,-0.003728023264557123,-0.006391395349055529,0.003728023264557123,0.2843928337097168,-9.169217109680176,0.127486452460289
2025-03-07 02:14:13.999409,320,240,20,20,6.105810290010413,-0.0021293016616255045,-0.004260348621755838,0.005324999336153269,0.26477953791618347,-9.188830375671387,0.127486452460289
2025-03-07 02:14:14.037348,320,240,20,20,6.160030292585725,-0.0005323254154063761,-0.004792673978954554,0.0010646508308127522,0.2843928337097168,-9.169217109680176,0.127486452460289
2025-03-07 02:14:14.076262,320,240,20,20,6.226462795741099,0.0,0.0005323254154063761,0.0031956976745277643,0.26477953791618347,-9.169217109680176,0.10787314921617508
2025-03-07 02:14:14.116269,320,240,20,20,6.144940291868989,-0.004260348621755838,-0.009054767899215221,0.0010646508308127522,0.26477953791618347,-9.188830375671387,0.14709974825382233
2025-03-07 02:14:14.154642,320,240,20,20,6.122527790804452,-0.0010646508308127522,-0.008520697243511677,0.0,0.2843928337097168,-9.169217109680176,0.127486452460289
2025-03-07 02:14:14.193364,320,240,20,20,6.090715289293439,0.0026616270188242197,-0.007456046529114246,-0.0005323254154063761,0.2843928337097168,-9.169217109680176,0.127486452460289
2025-03-07 02:14:14.231127,320,240,20,20,6.097555289618322,0.0,-0.0015969761880114675,0.004260348621755838,0.2843928337097168,-9.169217109680176,0.10787314921617508
2025-03-07 02:14:14.264974,320,240,20,20,6.170097793063905,0.0015969761880114675,-0.007988371886312962,-0.0005323254154063761,0.2843928337097168,-9.169217109680176,0.127486452460289
2025-03-07 02:14:14.295210,320,240,20,20,6.038745286824996,-0.004792673978954554,-0.010651743970811367,0.0005323254154063761,0.2843928337097168,-9.188830375671387,0.127486452460289
2025-03-07 02:14:14.324802,320,240,20,20,6.116787790531816,0.0005323254154063761,-0.006391395349055529,0.0031956976745277643,0.2843928337097168,-9.169217109680176,0.127486452460289
2025-03-07 02:14:14.354549,320,240,20,20,6.103665289908531,-0.0005323254154063761,-0.0031956976745277643,0.0010646508308127522,0.2843928337097168,-9.188830375671387,0.10787314921617508
2025-03-07 02:14:14.389783,320,240,20,20,6.120002790684521,-0.0026616270188242197,-0.004260348621755838,0.0015969761880114675,0.2843928337097168,-9.169217109680176,0.127486452460289
2025-03-07 02:14:14.421932,320,240,20,20,6.154450292320689,0.0010646508308127522,-0.007988371886312962,0.0015969761880114675,0.2843928337097168,-9.169217109680176,0.127486452460289
2025-03-07 02:14:14.459098,320,240,20,20,6.178352793455997,0.0005323254154063761,-0.003728023264557123,0.0010646508308127522,0.2843928337097168,-9.169217109680176,0.10787314921617508
2025-03-07 02:14:14.489330,320,240,20,20,6.180232793545292,-0.004260348621755838,-0.008520697243511677,0.0026616270188242197,0.2843928337097168,-9.188830375671387,0.14709974825382233
2025-03-07 02:14:14.522941,320,240,20,20,6.177445293412893,-0.0031956976745277643,-0.007456046529114246,0.005324999336153269,0.2843928337097168,-9.169217109680176,0.14709974825382233
2025-03-07 02:14:14.556928,320,240,20,20,6.096377789562394,-0.0031956976745277643,-0.003728023264557123,0.003728023264557123,0.2843928337097168,-9.169217109680176,0.127486452460289
2025-03-07 02:14:14.593530,320,240,20,20,6.194442794220231,0.0,-0.007988371886312962,0.0021293016616255045,0.26477953791618347,-9.188830375671387,0.127486452460289
2025-03-07 02:14:14.633090,320,240,20,20,6.173602793230384,0.0021293016616255045,-0.006923720706254244,0.004792673978954554,0.2843928337097168,-9.149603843688965,0.127486452460289
2025-03-07 02:14:14.670697,320,240,20,20,6.192260294116568,-0.005324999336153269,-0.006391395349055529,0.0031956976745277643,0.26477953791618347,-9.169217109680176,0.127486452460289
2025-03-07 02:14:14.710556,320,240,20,20,6.087900289159734,-0.0015969761880114675,-0.005324999336153269,0.0010646508308127522,0.2843928337097168,-9.169217109680176,0.127486452460289
2025-03-07 02:14:14.751084,320,240,20,20,6.107412790086528,0.0010646508308127522,-0.004792673978954554,0.0026616270188242197,0.2843928337097168,-9.188830375671387,0.10787314921617508
2025-03-07 02:14:14.787278,320,240,20,20,6.1026827898618645,-0.0026616270188242197,-0.008520697243511677,0.0026616270188242197,0.2843928337097168,-9.188830375671387,0.10787314921617508
2025-03-07 02:14:14.817503,320,240,20,20,6.155227792357619,-0.0005323254154063761,-0.004792673978954554,0.003728023264557123,0.2843928337097168,-9.169217109680176,0.127486452460289
2025-03-07 02:14:14.847178,320,240,20,20,6.146537791944866,0.0005323254154063761,-0.005859069991856813,0.0031956976745277643,0.26477953791618347,-9.169217109680176,0.127486452460289
2025-03-07 02:14:14.877042,320,240,20,20,6.011472785529622,-0.0010646508308127522,-0.004792673978954554,0.0,0.2843928337097168,-9.169217109680176,0.127486452460289
2025-03-07 02:14:14.910651,320,240,20,20,6.094250289461343,-0.0015969761880114675,-0.004792673978954554,0.0021293016616255045,0.2843928337097168,-9.188830375671387,0.14709974825382233
2025-03-07 02:14:14.942240,320,240,20,20,6.22168529551418,-0.0015969761880114675,-0.006391395349055529,0.0026616270188242197,0.26477953791618347,-9.169217109680176,0.14709974825382233
2025-03-07 02:14:14.972524,320,240,20,20,6.133862791342835,-0.003728023264557123,-0.005324999336153269,0.0021293016616255045,0.2843928337097168,-9.169217109680176,0.127486452460289
2025-03-07 02:14:15.002679,320,240,20,20,6.183197793686122,-0.0021293016616255045,-0.005859069991856813,0.0026616270188242197,0.2843928337097168,-9.188830375671387,0.127486452460289
2025-03-07 02:14:15.032472,320,240,20,20,6.1653477928382925,0.0031956976745277643,-0.004792673978954554,0.0021293016616255045,0.2843928337097168,-9.169217109680176,0.127486452460289
2025-03-07 02:14:15.062325,320,240,20,20,6.163592792754935,-0.004792673978954554,-0.007988371886312962,-0.0010646508308127522,0.2843928337097168,-9.169217109680176,0.14709974825382233
2025-03-07 02:14:15.092223,320,240,20,20,6.219292795400543,0.0021293016616255045,-0.003728023264557123,0.003728023264557123,0.2843928337097168,-9.169217109680176,0.127486452460289
2025-03-07 02:14:15.122229,320,240,20,20,6.127880291058682,-0.0010646508308127522,-0.005859069991856813,0.0010646508308127522,0.2843928337097168,-9.169217109680176,0.127486452460289
2025-03-07 02:14:15.158172,320,240,20,20,6.134897791391995,-0.0015969761880114675,-0.009054767899215221,-0.0031956976745277643,0.2843928337097168,-9.169217109680176,0.127486452460289
2025-03-07 02:14:15.190131,320,240,20,20,6.20771779485076,0.0005323254154063761,-0.003728023264557123,0.0021293016616255045,0.2843928337097168,-9.169217109680176,0.127486452460289
2025-03-07 02:14:15.225399,320,240,20,20,6.175220293307211,-0.004792673978954554,-0.0021293016616255045,0.0021293016616255045,0.26477953791618347,-9.188830375671387,0.127486452460289
2025-03-07 02:14:15.255824,320,240,20,20,6.077922788685828,-0.003728023264557123,-0.006923720706254244,0.0015969761880114675,0.26477953791618347,-9.188830375671387,0.127486452460289
2025-03-07 02:14:15.293037,320,240,20,20,6.122265290791984,0.0,-0.006391395349055529,0.0031956976745277643,0.2843928337097168,-9.149603843688965,0.127486452460289
2025-03-07 02:14:15.322851,320,240,20,20,6.086647789100243,-0.0021293016616255045,-0.005324999336153269,0.0026616270188242197,0.26477953791618347,-9.208444595336914,0.127486452460289
2025-03-07 02:14:15.358136,320,240,20,20,6.183135293683153,0.0,-0.005859069991856813,0.0026616270188242197,0.2843928337097168,-9.188830375671387,0.127486452460289
2025-03-07 02:14:15.390065,320,240,20,20,6.120925290728337,-0.0026616270188242197,-0.011184069328010082,0.0005323254154063761,0.2843928337097168,-9.169217109680176,0.127486452460289
2025-03-07 02:14:15.424472,320,240,20,20,6.0850327890235345,0.0021293016616255045,-0.004792673978954554,0.004792673978954554,0.2843928337097168,-9.169217109680176,0.127486452460289
2025-03-07 02:14:15.456913,320,240,20,20,6.075740288582165,0.0010646508308127522,-0.006923720706254244,0.005859069991856813,0.2843928337097168,-9.169217109680176,0.14709974825382233
2025-03-07 02:14:15.492545,320,240,20,20,6.064372788042237,0.0010646508308127522,-0.008520697243511677,0.003728023264557123,0.26477953791618347,-9.169217109680176,0.127486452460289
2025-03-07 02:14:15.523470,320,240,20,20,6.173345293218153,0.0010646508308127522,-0.004260348621755838,0.0026616270188242197,0.2843928337097168,-9.149603843688965,0.127486452460289
2025-03-07 02:14:15.559213,320,240,20,20,6.1651677928297435,-0.004260348621755838,-0.003728023264557123,0.0021293016616255045,0.2843928337097168,-9.188830375671387,0.10787314921617508
2025-03-07 02:14:15.589795,320,240,20,20,6.167847792957036,-0.0005323254154063761,-0.0031956976745277643,0.005324999336153269,0.2843928337097168,-9.169217109680176,0.10787314921617508
2025-03-07 02:14:15.624977,320,240,20,20,6.2331977960609946,-0.0021293016616255045,-0.010651743970811367,0.0015969761880114675,0.2843928337097168,-9.188830375671387,0.14709974825382233
2025-03-07 02:14:15.656672,320,240,20,20,6.130547791185381,-0.006923720706254244,-0.005324999336153269,0.0026616270188242197,0.2843928337097168,-9.169217109680176,0.14709974825382233
2025-03-07 02:14:15.692744,320,240,20,20,6.125727790956444,-0.0015969761880114675,-0.0026616270188242197,-0.0005323254154063761,0.2843928337097168,-9.169217109680176,0.127486452460289
2025-03-07 02:14:15.723477,320,240,20,20,6.213765295138001,-0.0031956976745277643,-0.009587093256413937,0.0,0.3040061295032501,-9.169217109680176,0.10787314921617508
2025-03-07 02:14:15.758426,320,240,20,20,6.071542788382795,-0.0010646508308127522,-0.007988371886312962,0.0031956976745277643,0.2843928337097168,-9.169217109680176,0.10787314921617508
2025-03-07 02:14:15.792084,320,240,20,20,6.130700291192625,-0.0015969761880114675,-0.0021293016616255045,0.003728023264557123,0.2843928337097168,-9.169217109680176,0.127486452460289
2025-03-07 02:14:15.824016,320,240,20,20,6.0061827852783605,-0.0021293016616255045,-0.008520697243511677,0.0015969761880114675,0.2843928337097168,-9.169217109680176,0.14709974825382233
2025-03-07 02:14:15.858608,320,240,20,20,6.111137790263456,-0.0021293016616255045,-0.009587093256413937,0.0005323254154063761,0.2843928337097168,-9.169217109680176,0.127486452460289
2025-03-07 02:14:15.890530,320,240,20,20,6.161290292645572,-0.0005323254154063761,-0.007456046529114246,0.0015969761880114675,0.3040061295032501,-9.169217109680176,0.127486452460289
2025-03-07 02:14:15.923342,320,240,20,20,6.241675296463654,-0.0021293016616255045,-0.009054767899215221,0.0026616270188242197,0.2843928337097168,-9.169217109680176,0.10787314921617508
2025-03-07 02:14:15.958188,320,240,20,20,6.0863627890867065,0.0010646508308127522,-0.006923720706254244,0.0005323254154063761,0.2843928337097168,-9.169217109680176,0.127486452460289
2025-03-07 02:14:15.990544,320,240,20,20,6.1225952908076575,0.0005323254154063761,-0.007456046529114246,0.003728023264557123,0.2843928337097168,-9.188830375671387,0.127486452460289
2025-03-07 02:14:16.025846,320,240,20,20,6.158937792533834,-0.0021293016616255045,0.0026616270188242197,-0.0031956976745277643,0.2843928337097168,-9.169217109680176,0.127486452460289
2025-03-07 02:14:16.055919,320,240,20,20,6.178142793446023,-0.0005323254154063761,-0.006923720706254244,0.0021293016616255045,0.2843928337097168,-9.188830375671387,0.127486452460289
2025-03-07 02:14:16.092738,320,240,20,20,6.094075289453031,-0.0031956976745277643,-0.004260348621755838,0.0031956976745277643,0.2843928337097168,-9.188830375671387,0.10787314921617508
