2025-03-07 01:59:56.207635,320,240,20,20,3.162662650218408,-0.0026616270188242197,-0.0021293016616255045,0.0026616270188242197,0.26477953791618347,-9.169217109680176,0.06864655017852783
2025-03-07 01:59:56.266309,320,240,20,20,9.755730463372311,-0.0021293016616255045,-0.006923720706254244,0.0021293016616255045,0.2843928337097168,-9.188830375671387,0.04903324693441391
2025-03-07 01:59:56.342765,320,240,20,20,9.6350079576383,0.0010646508308127522,-0.006391395349055529,0.0021293016616255045,0.2843928337097168,-9.188830375671387,0.04903324693441391
2025-03-07 01:59:56.402772,320,240,20,20,9.703170460875844,0.0010646508308127522,-0.0021293016616255045,-0.0010646508308127522,0.26477953791618347,-9.188830375671387,0.06864655017852783
2025-03-07 01:59:56.450894,320,240,20,20,9.786267964822764,-0.0010646508308127522,-0.004792673978954554,0.0021293016616255045,0.2843928337097168,-9.188830375671387,0.06864655017852783
2025-03-07 01:59:56.492154,320,240,20,20,9.820160466432572,0.0,-0.0031956976745277643,0.0010646508308127522,0.3040061295032501,-9.188830375671387,0.04903324693441391
2025-03-07 01:59:56.527205,320,240,20,20,9.524335452381639,-0.0010646508308127522,-0.0031956976745277643,0.0010646508308127522,0.2843928337097168,-9.188830375671387,0.029419949278235435
2025-03-07 01:59:56.558330,320,240,20,20,9.679170459735905,-0.004260348621755838,-0.012250465340912342,0.0010646508308127522,0.2843928337097168,-9.169217109680176,0.06864655017852783
2025-03-07 01:59:56.589800,320,240,20,20,9.70264046085067,0.0026616270188242197,-0.0026616270188242197,0.0,0.26477953791618347,-9.188830375671387,0.08825984597206116
2025-03-07 01:59:56.620622,320,240,20,20,9.526292952474614,0.0026616270188242197,-0.006391395349055529,0.0010646508308127522,0.2843928337097168,-9.188830375671387,0.06864655017852783
2025-03-07 01:59:56.651204,320,240,20,20,9.857395468201139,0.0015969761880114675,-0.0021293016616255045,0.0031956976745277643,0.26477953791618347,-9.169217109680176,0.04903324693441391
2025-03-07 01:59:56.682894,320,240,20,20,9.555787953875551,0.0,-0.004260348621755838,0.0021293016616255045,0.2843928337097168,-9.169217109680176,0.04903324693441391
2025-03-07 01:59:56.714348,320,240,20,20,9.714495461413753,-0.004260348621755838,-0.004792673978954554,0.0010646508308127522,0.26477953791618347,-9.169217109680176,0.04903324693441391
2025-03-07 01:59:56.747486,320,240,20,20,9.616125456741429,0.006923720706254244,-0.008520697243511677,0.0010646508308127522,0.2843928337097168,-9.188830375671387,0.06864655017852783
2025-03-07 01:59:56.782262,320,240,20,20,9.648780458292459,-0.0015969761880114675,-0.0031956976745277643,0.0026616270188242197,0.2843928337097168,-9.169217109680176,0.08825984597206116
2025-03-07 01:59:56.817056,320,240,20,20,9.623980457114522,-0.0015969761880114675,-0.006391395349055529,-0.0026616270188242197,0.2843928337097168,-9.169217109680176,0.04903324693441391
2025-03-07 01:59:56.849221,320,240,20,20,9.67617545959365,-0.0005323254154063761,-0.004792673978954554,0.0021293016616255045,0.2843928337097168,-9.169217109680176,0.04903324693441391
2025-03-07 01:59:56.883758,320,240,20,20,9.518605452109478,0.0031956976745277643,0.0,0.005324999336153269,0.2843928337097168,-9.169217109680176,0.04903324693441391
2025-03-07 01:59:56.914845,320,240,20,20,9.75137546316546,-0.0026616270188242197,-0.006923720706254244,0.0010646508308127522,0.26477953791618347,-9.169217109680176,0.06864655017852783
2025-03-07 01:59:56.950051,320,240,20,20,9.606937956305046,-0.0010646508308127522,-0.006391395349055529,0.003728023264557123,0.2843928337097168,-9.188830375671387,0.08825984597206116
2025-03-07 01:59:56.981637,320,240,20,20,9.50138795129169,-0.0031956976745277643,-0.003728023264557123,-0.0021293016616255045,0.2843928337097168,-9.169217109680176,0.06864655017852783
2025-03-07 01:59:57.020701,320,240,20,20,9.625982957209635,-0.0005323254154063761,-0.004260348621755838,0.0026616270188242197,0.26477953791618347,-9.169217109680176,0.06864655017852783
2025-03-07 01:59:57.052761,320,240,20,20,9.651945458442787,-0.0010646508308127522,-0.0021293016616255045,0.0015969761880114675,0.2843928337097168,-9.169217109680176,0.04903324693441391
2025-03-07 01:59:57.082742,320,240,20,20,9.585652955294062,-0.0015969761880114675,-0.004792673978954554,0.003728023264557123,0.2843928337097168,-9.169217109680176,0.029419949278235435
2025-03-07 01:59:57.115313,320,240,20,20,9.677605459661573,0.0,-0.0031956976745277643,0.0026616270188242197,0.26477953791618347,-9.169217109680176,0.04903324693441391
2025-03-07 01:59:57.150336,320,240,20,20,9.668922959249176,-0.0010646508308127522,-0.004792673978954554,-0.0026616270188242197,0.2843928337097168,-9.169217109680176,0.08825984597206116
2025-03-07 01:59:57.183451,320,240,20,20,9.662147958927381,-0.004792673978954554,-0.005859069991856813,0.0026616270188242197,0.2843928337097168,-9.169217109680176,0.06864655017852783
2025-03-07 01:59:57.215835,320,240,20,20,9.688685460187845,-0.003728023264557123,-0.004260348621755838,0.0010646508308127522,0.2843928337097168,-9.169217109680176,0.06864655017852783
2025-03-07 01:59:57.250592,320,240,20,20,9.630777957437385,-0.0031956976745277643,-0.004260348621755838,0.0015969761880114675,0.2843928337097168,-9.188830375671387,0.029419949278235435
2025-03-07 01:59:57.282736,320,240,20,20,9.655375458605704,0.0,-0.007988371886312962,0.0026616270188242197,0.26477953791618347,-9.169217109680176,0.04903324693441391
2025-03-07 01:59:57.327068,320,240,20,20,9.634822957629513,-0.0010646508308127522,-0.0026616270188242197,0.0015969761880114675,0.2843928337097168,-9.169217109680176,0.06864655017852783
2025-03-07 01:59:57.374795,320,240,20,20,9.718217961590563,-0.0021293016616255045,-0.008520697243511677,0.0,0.2843928337097168,-9.169217109680176,0.06864655017852783
2025-03-07 01:59:57.436031,320,240,20,20,9.362250444683013,-0.0010646508308127522,-0.003728023264557123,0.0005323254154063761,0.2843928337097168,-9.188830375671387,0.06864655017852783
2025-03-07 01:59:57.496617,320,240,20,20,9.482720450405031,-0.0031956976745277643,-0.0010646508308127522,0.0010646508308127522,0.2843928337097168,-9.169217109680176,0.04903324693441391
2025-03-07 01:59:57.556096,320,240,20,20,9.606497956284148,0.0021293016616255045,-0.009054767899215221,0.0021293016616255045,0.2843928337097168,-9.169217109680176,0.06864655017852783
2025-03-07 01:59:57.597196,320,240,20,20,9.552025453696842,-0.0015969761880114675,-0.004260348621755838,0.0026616270188242197,0.2843928337097168,-9.169217109680176,0.08825984597206116
2025-03-07 01:59:57.628427,320,240,20,20,9.518805452118977,-0.003728023264557123,-0.0031956976745277643,0.0026616270188242197,0.2843928337097168,-9.188830375671387,0.06864655017852783
2025-03-07 01:59:57.658393,320,240,20,20,9.767492963931,-0.0026616270188242197,-0.005324999336153269,0.0015969761880114675,0.26477953791618347,-9.169217109680176,0.04903324693441391
2025-03-07 01:59:57.687968,320,240,20,20,9.614082956644415,-0.0021293016616255045,-0.005324999336153269,0.0026616270188242197,0.2843928337097168,-9.169217109680176,0.04903324693441391
2025-03-07 01:59:57.717802,320,240,20,20,9.644632958095462,-0.0021293016616255045,-0.006923720706254244,0.004260348621755838,0.2843928337097168,-9.188830375671387,0.029419949278235435
2025-03-07 01:59:57.747726,320,240,20,20,9.74745546297927,-0.0026616270188242197,-0.0031956976745277643,0.003728023264557123,0.3040061295032501,-9.169217109680176,0.08825984597206116
2025-03-07 01:59:57.785321,320,240,20,20,9.673560459469446,0.0,-0.007456046529114246,0.004792673978954554,0.2843928337097168,-9.188830375671387,0.08825984597206116
2025-03-07 01:59:57.815745,320,240,20,20,9.477935450177757,-0.004792673978954554,-0.007456046529114246,-0.0005323254154063761,0.2843928337097168,-9.169217109680176,0.06864655017852783
2025-03-07 01:59:57.853563,320,240,20,20,9.482660450402182,-0.003728023264557123,-0.007456046529114246,0.0021293016616255045,0.2843928337097168,-9.188830375671387,0.04903324693441391
2025-03-07 01:59:57.883457,320,240,20,20,9.782462964642036,0.0015969761880114675,-0.007988371886312962,0.0,0.2843928337097168,-9.169217109680176,0.029419949278235435
2025-03-07 01:59:57.914888,320,240,20,20,9.655530458613066,0.0021293016616255045,-0.0010646508308127522,0.0010646508308127522,0.2843928337097168,-9.188830375671387,0.06864655017852783
2025-03-07 01:59:57.953710,320,240,20,20,9.654622958569963,-0.0010646508308127522,-0.007456046529114246,0.004260348621755838,0.2843928337097168,-9.188830375671387,0.10787314921617508
2025-03-07 01:59:57.984033,320,240,20,20,9.590857955541287,-0.0015969761880114675,-0.004792673978954554,0.0021293016616255045,0.2843928337097168,-9.188830375671387,0.04903324693441391
2025-03-07 01:59:58.015255,320,240,20,20,9.683462959939789,-0.004260348621755838,-0.0015969761880114675,0.0005323254154063761,0.2843928337097168,-9.169217109680176,0.04903324693441391
2025-03-07 01:59:58.072925,320,240,20,20,9.63130295746232,0.0005323254154063761,0.0005323254154063761,0.0010646508308127522,0.26477953791618347,-9.188830375671387,0.04903324693441391
2025-03-07 01:59:58.110181,320,240,20,20,9.507247951570026,0.0005323254154063761,-0.0021293016616255045,0.0015969761880114675,0.2843928337097168,-9.169217109680176,0.06864655017852783
2025-03-07 01:59:58.140130,320,240,20,20,9.695075460491353,-0.0026616270188242197,-0.003728023264557123,-0.003728023264557123,0.26477953791618347,-9.169217109680176,0.06864655017852783
2025-03-07 01:59:58.169844,320,240,20,20,9.727570462034782,-0.003728023264557123,-0.006923720706254244,-0.0010646508308127522,0.2843928337097168,-9.188830375671387,0.08825984597206116
2025-03-07 01:59:58.199081,320,240,20,20,9.474487950014009,-0.0026616270188242197,-0.006923720706254244,0.0010646508308127522,0.2843928337097168,-9.169217109680176,0.06864655017852783
2025-03-07 01:59:58.228516,320,240,20,20,9.457187949192303,0.0010646508308127522,-0.003728023264557123,-0.0005323254154063761,0.2843928337097168,-9.169217109680176,0.06864655017852783
2025-03-07 01:59:58.257993,320,240,20,20,9.712587961323152,-0.0005323254154063761,-0.003728023264557123,0.0010646508308127522,0.2843928337097168,-9.169217109680176,0.04903324693441391
2025-03-07 01:59:58.288173,320,240,20,20,9.6496929583358,0.0021293016616255045,-0.004260348621755838,-0.0005323254154063761,0.2843928337097168,-9.169217109680176,0.04903324693441391
2025-03-07 01:59:58.318508,320,240,20,20,9.686935460104724,-0.0005323254154063761,-0.003728023264557123,0.003728023264557123,0.2843928337097168,-9.169217109680176,0.04903324693441391
2025-03-07 01:59:58.348881,320,240,20,20,9.507365451575605,-0.003728023264557123,-0.003728023264557123,0.0010646508308127522,0.2843928337097168,-9.169217109680176,0.08825984597206116
2025-03-07 01:59:58.381916,320,240,20,20,9.588792955443205,-0.004792673978954554,-0.004792673978954554,0.0031956976745277643,0.2843928337097168,-9.169217109680176,0.08825984597206116
2025-03-07 01:59:58.419018,320,240,20,20,9.629605457381695,-0.003728023264557123,-0.009587093256413937,0.0,0.2843928337097168,-9.188830375671387,0.029419949278235435
2025-03-07 01:59:58.449399,320,240,20,20,9.448275448768982,-0.0010646508308127522,-0.0021293016616255045,0.0015969761880114675,0.3040061295032501,-9.188830375671387,0.04903324693441391
2025-03-07 01:59:58.483817,320,240,20,20,9.536547952961701,-0.0015969761880114675,-0.004792673978954554,-0.003728023264557123,0.2843928337097168,-9.169217109680176,0.04903324693441391
2025-03-07 01:59:58.516569,320,240,20,20,9.631747957483459,-0.004260348621755838,-0.007456046529114246,0.0021293016616255045,0.2843928337097168,-9.188830375671387,0.06864655017852783
2025-03-07 01:59:58.552528,320,240,20,20,9.637607957761793,-0.0031956976745277643,-0.005324999336153269,0.004260348621755838,0.2843928337097168,-9.188830375671387,0.06864655017852783
2025-03-07 01:59:58.582720,320,240,20,20,9.505780451500323,-0.005324999336153269,-0.006391395349055529,0.003728023264557123,0.2843928337097168,-9.188830375671387,0.06864655017852783
2025-03-07 01:59:58.619380,320,240,20,20,9.564512954289967,-0.0021293016616255045,-0.006391395349055529,0.0021293016616255045,0.2843928337097168,-9.169217109680176,0.06864655017852783
2025-03-07 01:59:58.650362,320,240,20,20,9.670687959333009,-0.004260348621755838,-0.010651743970811367,0.0,0.26477953791618347,-9.169217109680176,0.04903324693441391
2025-03-07 01:59:58.683590,320,240,20,20,9.513300451857504,-0.0005323254154063761,-0.007456046529114246,0.0015969761880114675,0.2843928337097168,-9.169217109680176,0.04903324693441391
2025-03-07 01:59:58.717028,320,240,20,20,9.509225451663951,-0.0005323254154063761,-0.0026616270188242197,0.0,0.2843928337097168,-9.169217109680176,0.06864655017852783
2025-03-07 01:59:58.750215,320,240,20,20,9.690622960279871,-0.0010646508308127522,-0.004792673978954554,-0.0015969761880114675,0.2843928337097168,-9.169217109680176,0.06864655017852783
2025-03-07 01:59:58.785711,320,240,20,20,9.60691045630374,-0.0005323254154063761,-0.004260348621755838,0.0010646508308127522,0.2843928337097168,-9.169217109680176,0.06864655017852783
2025-03-07 01:59:58.816423,320,240,20,20,9.842792967507558,-0.0026616270188242197,-0.007456046529114246,-0.0005323254154063761,0.2843928337097168,-9.169217109680176,0.029419949278235435
2025-03-07 01:59:58.849087,320,240,20,20,9.746497962933791,-0.0026616270188242197,-0.0031956976745277643,0.0015969761880114675,0.2843928337097168,-9.169217109680176,0.029419949278235435
2025-03-07 01:59:58.887548,320,240,20,20,9.596767955821997,-0.0026616270188242197,-0.007456046529114246,0.0015969761880114675,0.2843928337097168,-9.169217109680176,0.04903324693441391
2025-03-07 01:59:58.917758,320,240,20,20,9.754395463308901,-0.0031956976745277643,-0.007988371886312962,0.0015969761880114675,0.2843928337097168,-9.169217109680176,0.06864655017852783
2025-03-07 01:59:58.948703,320,240,20,20,9.45289794898854,0.003728023264557123,-0.006391395349055529,0.0010646508308127522,0.2843928337097168,-9.169217109680176,0.04903324693441391
2025-03-07 01:59:58.986980,320,240,20,20,9.600470455997856,-0.0005323254154063761,-0.004792673978954554,0.0010646508308127522,0.2843928337097168,-9.169217109680176,0.04903324693441391
2025-03-07 01:59:59.018383,320,240,20,20,9.591495455571566,-0.0015969761880114675,-0.007988371886312962,0.003728023264557123,0.2843928337097168,-9.169217109680176,0.029419949278235435
2025-03-07 01:59:59.048708,320,240,20,20,9.647287958221568,-0.0031956976745277643,-0.005859069991856813,-0.0010646508308127522,0.2843928337097168,-9.169217109680176,0.04903324693441391
2025-03-07 01:59:59.084714,320,240,20,20,9.741535462698085,0.0026616270188242197,-0.008520697243511677,0.0,0.2843928337097168,-9.169217109680176,0.029419949278235435
2025-03-07 01:59:59.116284,320,240,20,20,9.552260453708005,-0.0010646508308127522,-0.003728023264557123,0.0021293016616255045,0.2843928337097168,-9.169217109680176,0.06864655017852783
2025-03-07 01:59:59.152797,320,240,20,20,9.54861045353464,-0.003728023264557123,-0.004260348621755838,-0.0021293016616255045,0.2843928337097168,-9.169217109680176,0.04903324693441391
2025-03-07 01:59:59.183043,320,240,20,20,9.829685466884985,-0.0015969761880114675,-0.005859069991856813,0.0010646508308127522,0.2843928337097168,-9.169217109680176,0.04903324693441391
2025-03-07 01:59:59.218866,320,240,20,20,9.550342953616928,0.0,-0.005859069991856813,0.003728023264557123,0.2843928337097168,-9.169217109680176,0.04903324693441391
2025-03-07 01:59:59.249683,320,240,20,20,9.520225452186423,0.0,-0.004260348621755838,-0.0010646508308127522,0.2843928337097168,-9.188830375671387,0.04903324693441391
2025-03-07 01:59:59.285594,320,240,20,20,9.552217953705986,0.0005323254154063761,-0.003728023264557123,0.004792673978954554,0.2843928337097168,-9.188830375671387,0.04903324693441391
2025-03-07 01:59:59.316415,320,240,20,20,9.8041454656719,0.0005323254154063761,-0.007456046529114246,0.0015969761880114675,0.3040061295032501,-9.169217109680176,0.06864655017852783
2025-03-07 01:59:59.350447,320,240,20,20,9.781715464606531,0.0015969761880114675,-0.006923720706254244,0.0010646508308127522,0.2843928337097168,-9.169217109680176,0.06864655017852783
2025-03-07 01:59:59.385390,320,240,20,20,9.558962954026356,-0.0005323254154063761,-0.007456046529114246,0.0010646508308127522,0.2843928337097168,-9.169217109680176,0.06864655017852783
2025-03-07 01:59:59.415433,320,240,20,20,9.618395456849248,-0.0021293016616255045,-0.006391395349055529,0.0005323254154063761,0.26477953791618347,-9.169217109680176,0.04903324693441391
2025-03-07 01:59:59.452770,320,240,20,20,9.682655459901435,0.0,-0.008520697243511677,0.006391395349055529,0.2843928337097168,-9.188830375671387,0.029419949278235435
2025-03-07 01:59:59.484059,320,240,20,20,9.538650453061564,-0.0010646508308127522,-0.006923720706254244,0.003728023264557123,0.2843928337097168,-9.169217109680176,0.06864655017852783
2025-03-07 01:59:59.516817,320,240,20,20,9.651057958400633,0.0026616270188242197,-0.006391395349055529,-0.0015969761880114675,0.2843928337097168,-9.188830375671387,0.08825984597206116
2025-03-07 01:59:59.551416,320,240,20,20,9.822577966547396,-0.0005323254154063761,-0.0031956976745277643,0.0021293016616255045,0.2843928337097168,-9.169217109680176,0.06864655017852783
2025-03-07 01:59:59.583726,320,240,20,20,9.579000454978086,-0.003728023264557123,-0.010651743970811367,0.0015969761880114675,0.2843928337097168,-9.169217109680176,0.04903324693441391
2025-03-07 01:59:59.617960,320,240,20,20,9.673560459469446,-0.004260348621755838,-0.007456046529114246,0.005859069991856813,0.2843928337097168,-9.169217109680176,0.029419949278235435
2025-03-07 01:59:59.649662,320,240,20,20,9.868972968751041,0.0005323254154063761,-0.004260348621755838,0.0010646508308127522,0.2843928337097168,-9.169217109680176,0.029419949278235435
2025-03-07 01:59:59.690150,320,240,20,20,9.56534045432927,-0.005859069991856813,-0.005324999336153269,0.0015969761880114675,0.26477953791618347,-9.169217109680176,0.04903324693441391
2025-03-07 01:59:59.727937,320,240,20,20,9.557747953968647,-0.0026616270188242197,-0.004792673978954554,0.0010646508308127522,0.2843928337097168,-9.188830375671387,0.04903324693441391
2025-03-07 01:59:59.766799,320,240,20,20,9.636990457732463,-0.0021293016616255045,-0.006391395349055529,0.0005323254154063761,0.2843928337097168,-9.169217109680176,0.06864655017852783
2025-03-07 01:59:59.805718,320,240,20,20,9.592372955613246,-0.007456046529114246,-0.005859069991856813,0.004260348621755838,0.2843928337097168,-9.188830375671387,0.04903324693441391
2025-03-07 01:59:59.841051,320,240,20,20,9.66903545925452,0.0,-0.003728023264557123,0.0005323254154063761,0.2843928337097168,-9.149603843688965,0.04903324693441391
2025-03-07 01:59:59.872077,320,240,20,20,9.538980453077238,0.0005323254154063761,-0.006923720706254244,0.003728023264557123,0.3040061295032501,-9.169217109680176,0.04903324693441391
2025-03-07 01:59:59.902132,320,240,20,20,9.712995461342507,-0.0010646508308127522,-0.009587093256413937,0.0021293016616255045,0.3040061295032501,-9.169217109680176,0.04903324693441391
2025-03-07 01:59:59.931729,320,240,20,20,9.534832952880242,-0.0010646508308127522,-0.004792673978954554,0.0010646508308127522,0.2843928337097168,-9.188830375671387,0.04903324693441391
2025-03-07 01:59:59.961712,320,240,20,20,9.456175449144212,0.0,-0.009054767899215221,0.006391395349055529,0.2843928337097168,-9.149603843688965,0.04903324693441391
2025-03-07 01:59:59.991741,320,240,20,20,9.61548795671115,-0.0021293016616255045,-0.0031956976745277643,0.004792673978954554,0.2843928337097168,-9.169217109680176,0.06864655017852783
2025-03-07 02:00:00.021673,320,240,20,20,9.432700448029209,-0.0021293016616255045,-0.007988371886312962,0.0021293016616255045,0.2843928337097168,-9.169217109680176,0.04903324693441391
2025-03-07 02:00:00.052287,320,240,20,20,9.619892956920376,-0.005324999336153269,-0.0021293016616255045,0.004792673978954554,0.2843928337097168,-9.169217109680176,0.04903324693441391
2025-03-07 02:00:00.083665,320,240,20,20,9.582282955133996,-0.0026616270188242197,-0.011718139983713627,0.005859069991856813,0.26477953791618347,-9.169217109680176,0.06864655017852783
2025-03-07 02:00:00.116502,320,240,20,20,9.715007961438095,0.0,-0.007988371886312962,0.0015969761880114675,0.2843928337097168,-9.188830375671387,0.08825984597206116
2025-03-07 02:00:00.160772,320,240,20,20,9.587345455374452,-0.0031956976745277643,-0.006923720706254244,0.0026616270188242197,0.2843928337097168,-9.169217109680176,0.06864655017852783
2025-03-07 02:00:00.204790,320,240,20,20,9.727450462029083,-0.0015969761880114675,-0.010119418613612652,0.0,0.3040061295032501,-9.188830375671387,0.06864655017852783
2025-03-07 02:00:00.246656,320,240,20,20,9.738257962542411,-0.005324999336153269,-0.005859069991856813,0.0026616270188242197,0.2843928337097168,-9.169217109680176,0.029419949278235435
2025-03-07 02:00:00.283841,320,240,20,20,9.790682965032465,0.0015969761880114675,-0.0021293016616255045,-0.0005323254154063761,0.3040061295032501,-9.169217109680176,0.029419949278235435
2025-03-07 02:00:00.322155,320,240,20,20,9.477477950156025,-0.0015969761880114675,-0.006923720706254244,-0.0010646508308127522,0.2843928337097168,-9.169217109680176,0.04903324693441391
2025-03-07 02:00:00.355358,320,240,20,20,9.519702952161605,-0.0031956976745277643,-0.004260348621755838,0.0031956976745277643,0.2843928337097168,-9.169217109680176,0.06864655017852783
2025-03-07 02:00:00.385680,320,240,20,20,9.776305464349571,-0.0021293016616255045,-0.009587093256413937,0.0005323254154063761,0.2843928337097168,-9.169217109680176,0.06864655017852783
2025-03-07 02:00:00.415829,320,240,20,20,9.467027949659677,0.0010646508308127522,-0.005324999336153269,0.005324999336153269,0.3040061295032501,-9.169217109680176,0.04903324693441391
2025-03-07 02:00:00.452512,320,240,20,20,9.742112962725514,0.0015969761880114675,-0.007456046529114246,0.0010646508308127522,0.2843928337097168,-9.169217109680176,0.029419949278235435
2025-03-07 02:00:00.483943,320,240,20,20,9.529495452626724,-0.0021293016616255045,-0.003728023264557123,-0.0015969761880114675,0.2843928337097168,-9.169217109680176,0.06864655017852783
2025-03-07 02:00:00.519887,320,240,20,20,9.590620455530006,0.0,-0.006391395349055529,-0.0021293016616255045,0.2843928337097168,-9.169217109680176,0.06864655017852783
2025-03-07 02:00:00.550796,320,240,20,20,9.603812956156617,-0.0010646508308127522,-0.004792673978954554,0.0010646508308127522,0.2843928337097168,-9.169217109680176,0.06864655017852783
2025-03-07 02:00:00.583546,320,240,20,20,9.551462953670125,0.0031956976745277643,-0.003728023264557123,0.0021293016616255045,0.2843928337097168,-9.188830375671387,0.04903324693441391
2025-03-07 02:00:00.620545,320,240,20,20,9.669407959272212,-0.0005323254154063761,-0.0015969761880114675,0.0010646508308127522,0.2843928337097168,-9.188830375671387,0.06864655017852783
2025-03-07 02:00:00.651155,320,240,20,20,9.496385451054085,-0.0005323254154063761,-0.003728023264557123,0.0010646508308127522,0.26477953791618347,-9.169217109680176,0.06864655017852783
2025-03-07 02:00:00.682149,320,240,20,20,9.571942954642873,0.0005323254154063761,-0.007988371886312962,0.005859069991856813,0.2843928337097168,-9.188830375671387,0.04903324693441391
2025-03-07 02:00:00.718785,320,240,20,20,9.762700463703368,-0.0005323254154063761,-0.011718139983713627,0.0005323254154063761,0.2843928337097168,-9.188830375671387,0.06864655017852783
2025-03-07 02:00:00.749633,320,240,20,20,9.568592954483757,-0.0021293016616255045,-0.007456046529114246,0.0031956976745277643,0.2843928337097168,-9.169217109680176,0.06864655017852783
2025-03-07 02:00:00.785397,320,240,20,20,9.71346546136483,-0.0005323254154063761,-0.004260348621755838,-0.0005323254154063761,0.2843928337097168,-9.169217109680176,0.04903324693441391
2025-03-07 02:00:00.816679,320,240,20,20,9.667687959190516,0.0005323254154063761,-0.003728023264557123,-0.0005323254154063761,0.2843928337097168,-9.169217109680176,0.029419949278235435
2025-03-07 02:00:00.850932,320,240,20,20,9.460135449332302,-0.0005323254154063761,-0.0021293016616255045,0.0031956976745277643,0.26477953791618347,-9.169217109680176,0.04903324693441391
2025-03-07 02:00:00.883058,320,240,20,20,9.731482962220616,0.0,-0.009054767899215221,0.0010646508308127522,0.2843928337097168,-9.169217109680176,0.04903324693441391
2025-03-07 02:00:00.919430,320,240,20,20,9.478927950224897,0.0,-0.004260348621755838,0.0021293016616255045,0.2843928337097168,-9.169217109680176,0.06864655017852783
2025-03-07 02:00:00.949713,320,240,20,20,9.598120455886237,0.0015969761880114675,-0.004260348621755838,0.0010646508308127522,0.2843928337097168,-9.169217109680176,0.04903324693441391
2025-03-07 02:00:00.984874,320,240,20,20,9.683490459941094,-0.0010646508308127522,-0.009054767899215221,0.0,0.2843928337097168,-9.169217109680176,0.06864655017852783
2025-03-07 02:00:01.017436,320,240,20,20,9.732772962281889,-0.0015969761880114675,-0.0031956976745277643,0.0,0.2843928337097168,-9.169217109680176,0.04903324693441391
2025-03-07 02:00:01.051179,320,240,20,20,9.692805460383534,0.0,-0.004260348621755838,-0.0031956976745277643,0.2843928337097168,-9.169217109680176,0.04903324693441391
2025-03-07 02:00:01.085673,320,240,20,20,9.434382948109123,-0.004260348621755838,-0.004792673978954554,0.0005323254154063761,0.2843928337097168,-9.188830375671387,0.06864655017852783
2025-03-07 02:00:01.116261,320,240,20,20,9.530195452659973,-0.0005323254154063761,-0.0010646508308127522,-0.0005323254154063761,0.2843928337097168,-9.169217109680176,0.06864655017852783
2025-03-07 02:00:01.150322,320,240,20,20,9.635992957685085,0.003728023264557123,0.0,0.003728023264557123,0.2843928337097168,-9.169217109680176,0.06864655017852783
2025-03-07 02:00:01.184215,320,240,20,20,9.80603546576167,-0.0015969761880114675,-0.004792673978954554,0.0026616270188242197,0.2843928337097168,-9.169217109680176,0.04903324693441391
2025-03-07 02:00:01.218141,320,240,20,20,9.947537972482678,0.0021293016616255045,-0.005859069991856813,0.0026616270188242197,0.2843928337097168,-9.169217109680176,0.029419949278235435
2025-03-07 02:00:01.249753,320,240,20,20,9.571845454638241,0.0015969761880114675,-0.007988371886312962,0.0026616270188242197,0.2843928337097168,-9.188830375671387,0.04903324693441391
2025-03-07 02:00:01.285581,320,240,20,20,9.563082954222045,-0.0010646508308127522,-0.009587093256413937,0.004260348621755838,0.2843928337097168,-9.188830375671387,0.06864655017852783
2025-03-07 02:00:01.316446,320,240,20,20,9.613772956629692,-0.0015969761880114675,-0.008520697243511677,0.0010646508308127522,0.2843928337097168,-9.169217109680176,0.06864655017852783
2025-03-07 02:00:01.353238,320,240,20,20,9.561792954160774,-0.0015969761880114675,-0.010651743970811367,0.0031956976745277643,0.3040061295032501,-9.169217109680176,0.04903324693441391
2025-03-07 02:00:01.384027,320,240,20,20,9.678517959704914,-0.005324999336153269,-0.010119418613612652,0.0026616270188242197,0.2843928337097168,-9.188830375671387,0.04903324693441391
2025-03-07 02:00:01.419255,320,240,20,20,9.708527961130311,-0.003728023264557123,-0.004260348621755838,-0.0015969761880114675,0.2843928337097168,-9.169217109680176,0.029419949278235435
2025-03-07 02:00:01.450394,320,240,20,20,9.733380462310743,0.003728023264557123,-0.006391395349055529,0.0010646508308127522,0.2843928337097168,-9.169217109680176,0.04903324693441391
2025-03-07 02:00:01.484337,320,240,20,20,9.770770464086672,-0.0005323254154063761,-0.010119418613612652,0.0021293016616255045,0.2843928337097168,-9.169217109680176,0.06864655017852783
2025-03-07 02:00:01.518522,320,240,20,20,9.819317966392555,0.0005323254154063761,-0.008520697243511677,0.006391395349055529,0.2843928337097168,-9.188830375671387,0.08825984597206116
2025-03-07 02:00:01.550658,320,240,20,20,9.613582956620666,-0.0010646508308127522,-0.004260348621755838,0.0010646508308127522,0.3040061295032501,-9.169217109680176,0.04903324693441391
2025-03-07 02:00:01.583604,320,240,20,20,9.699215460687991,-0.0021293016616255045,-0.010119418613612652,0.003728023264557123,0.3040061295032501,-9.169217109680176,0.029419949278235435
2025-03-07 02:00:01.618753,320,240,20,20,9.736275462448248,-0.003728023264557123,-0.0026616270188242197,0.0005323254154063761,0.3040061295032501,-9.149603843688965,0.04903324693441391
2025-03-07 02:00:01.649952,320,240,20,20,9.643907958061027,-0.0015969761880114675,-0.004260348621755838,0.003728023264557123,0.2843928337097168,-9.188830375671387,0.06864655017852783
2025-03-07 02:00:01.685899,320,240,20,20,9.683005459918059,-0.0005323254154063761,-0.003728023264557123,0.0,0.2843928337097168,-9.169217109680176,0.06864655017852783
2025-03-07 02:00:01.717059,320,240,20,20,9.551805453686393,0.005324999336153269,-0.003728023264557123,0.0021293016616255045,0.2843928337097168,-9.169217109680176,0.06864655017852783
2025-03-07 02:00:01.753191,320,240,20,20,9.588595455433824,-0.005859069991856813,-0.008520697243511677,0.0021293016616255045,0.2843928337097168,-9.169217109680176,0.04903324693441391
2025-03-07 02:00:01.783442,320,240,20,20,9.431892947990855,0.0,-0.007988371886312962,0.0010646508308127522,0.2843928337097168,-9.169217109680176,0.04903324693441391
2025-03-07 02:00:01.821866,320,240,20,20,9.421392947492132,0.0005323254154063761,-0.007988371886312962,0.003728023264557123,0.2843928337097168,-9.169217109680176,0.04903324693441391
2025-03-07 02:00:01.852807,320,240,20,20,9.620432956946024,0.003728023264557123,-0.005859069991856813,0.004260348621755838,0.2843928337097168,-9.169217109680176,0.04903324693441391
2025-03-07 02:00:01.883098,320,240,20,20,9.558612954009732,0.0,-0.007456046529114246,0.004792673978954554,0.2843928337097168,-9.188830375671387,0.06864655017852783
2025-03-07 02:00:01.919126,320,240,20,20,9.743755462803529,-0.0005323254154063761,-0.0031956976745277643,0.004792673978954554,0.3040061295032501,-9.188830375671387,0.06864655017852783
2025-03-07 02:00:01.950038,320,240,20,20,9.620212956935575,0.0010646508308127522,-0.007988371886312962,0.0015969761880114675,0.2843928337097168,-9.169217109680176,0.06864655017852783
2025-03-07 02:00:01.985038,320,240,20,20,9.549677953585341,0.0005323254154063761,-0.009587093256413937,0.0010646508308127522,0.2843928337097168,-9.169217109680176,0.04903324693441391
2025-03-07 02:00:02.017861,320,240,20,20,9.74610046291491,0.0021293016616255045,0.0005323254154063761,0.0005323254154063761,0.2843928337097168,-9.188830375671387,0.06864655017852783
2025-03-07 02:00:02.052832,320,240,20,20,9.726865462001296,0.0015969761880114675,-0.005859069991856813,0.0010646508308127522,0.2843928337097168,-9.169217109680176,0.06864655017852783
2025-03-07 02:00:02.083561,320,240,20,20,9.803060465620366,-0.0031956976745277643,-0.004260348621755838,0.0010646508308127522,0.2843928337097168,-9.169217109680176,0.06864655017852783
2025-03-07 02:00:02.120697,320,240,20,20,9.754832963329681,-0.0026616270188242197,-0.0021293016616255045,0.0015969761880114675,0.2843928337097168,-9.169217109680176,0.06864655017852783
2025-03-07 02:00:02.151739,320,240,20,20,9.524420452385675,0.0,-0.004792673978954554,0.003728023264557123,0.2843928337097168,-9.169217109680176,0.06864655017852783
2025-03-07 02:00:02.184761,320,240,20,20,9.627592957286106,-0.004260348621755838,-0.005859069991856813,0.0015969761880114675,0.2843928337097168,-9.188830375671387,0.04903324693441391
2025-03-07 02:00:02.219561,320,240,20,20,9.809727965937054,0.0031956976745277643,-0.004260348621755838,0.004260348621755838,0.2843928337097168,-9.188830375671387,0.04903324693441391
2025-03-07 02:00:02.249882,320,240,20,20,9.72580546195095,-0.0015969761880114675,-0.005859069991856813,0.0005323254154063761,0.2843928337097168,-9.188830375671387,0.06864655017852783
2025-03-07 02:00:02.287616,320,240,20,20,9.609777956439938,-0.004792673978954554,-0.010651743970811367,0.0026616270188242197,0.2843928337097168,-9.169217109680176,0.04903324693441391
2025-03-07 02:00:02.317984,320,240,20,20,9.641947957967933,-0.0026616270188242197,-0.009054767899215221,0.004260348621755838,0.2843928337097168,-9.188830375671387,0.04903324693441391
2025-03-07 02:00:02.350485,320,240,20,20,9.557495453956653,-0.003728023264557123,-0.004792673978954554,0.006923720706254244,0.2843928337097168,-9.188830375671387,0.04903324693441391
2025-03-07 02:00:02.384895,320,240,20,20,9.52031295219058,-0.0005323254154063761,-0.0031956976745277643,0.0005323254154063761,0.2843928337097168,-9.169217109680176,0.029419949278235435
2025-03-07 02:00:02.417207,320,240,20,20,9.883397969436192,-0.0015969761880114675,-0.011718139983713627,0.006923720706254244,0.2843928337097168,-9.169217109680176,0.04903324693441391
2025-03-07 02:00:02.451750,320,240,20,20,9.723737961852748,0.0005323254154063761,-0.009054767899215221,0.005324999336153269,0.2843928337097168,-9.188830375671387,0.04903324693441391
2025-03-07 02:00:02.484336,320,240,20,20,9.588787955442967,-0.0031956976745277643,-0.007988371886312962,0.0031956976745277643,0.2843928337097168,-9.169217109680176,0.06864655017852783
2025-03-07 02:00:02.520310,320,240,20,20,9.637345457749324,-0.0026616270188242197,0.0,0.0010646508308127522,0.2843928337097168,-9.188830375671387,0.04903324693441391
2025-03-07 02:00:02.550042,320,240,20,20,9.622560457047076,0.0015969761880114675,-0.007988371886312962,0.0021293016616255045,0.2843928337097168,-9.169217109680176,0.04903324693441391
2025-03-07 02:00:02.586134,320,240,20,20,9.666842959150381,-0.0021293016616255045,-0.0015969761880114675,0.0015969761880114675,0.2843928337097168,-9.169217109680176,0.029419949278235435
2025-03-07 02:00:02.616391,320,240,20,20,9.540802953163801,0.0,-0.008520697243511677,0.004260348621755838,0.2843928337097168,-9.188830375671387,0.04903324693441391
2025-03-07 02:00:02.652994,320,240,20,20,9.698315460645244,0.0005323254154063761,-0.0021293016616255045,-0.0010646508308127522,0.2843928337097168,-9.169217109680176,0.04903324693441391
2025-03-07 02:00:02.683656,320,240,20,20,9.64089795791806,-0.0005323254154063761,-0.004260348621755838,-0.0021293016616255045,0.2843928337097168,-9.169217109680176,0.04903324693441391
2025-03-07 02:00:02.719838,320,240,20,20,9.44949294882681,-0.0026616270188242197,-0.007456046529114246,0.003728023264557123,0.2843928337097168,-9.169217109680176,0.06864655017852783
2025-03-07 02:00:02.750023,320,240,20,20,9.658990458777406,0.0,-0.005324999336153269,0.0005323254154063761,0.2843928337097168,-9.169217109680176,0.04903324693441391
2025-03-07 02:00:02.786617,320,240,20,20,9.673265459455433,-0.004260348621755838,-0.006923720706254244,0.0026616270188242197,0.2843928337097168,-9.169217109680176,0.029419949278235435
2025-03-07 02:00:02.817517,320,240,20,20,9.723507961841824,0.0,-0.005859069991856813,0.0015969761880114675,0.2843928337097168,-9.169217109680176,0.029419949278235435
2025-03-07 02:00:02.861535,320,240,20,20,9.848127967760956,-0.004260348621755838,-0.0031956976745277643,0.0031956976745277643,0.2843928337097168,-9.169217109680176,0.04903324693441391
2025-03-07 02:00:02.904622,320,240,20,20,9.607800456346013,-0.0010646508308127522,-0.005859069991856813,-0.0010646508308127522,0.2843928337097168,-9.169217109680176,0.06864655017852783
2025-03-07 02:00:02.948601,320,240,20,20,9.879490469250594,-0.0005323254154063761,-0.007988371886312962,0.0,0.2843928337097168,-9.169217109680176,0.06864655017852783
2025-03-07 02:00:02.988738,320,240,20,20,9.686530460085487,-0.003728023264557123,-0.003728023264557123,0.0010646508308127522,0.3040061295032501,-9.169217109680176,0.04903324693441391
2025-03-07 02:00:03.021446,320,240,20,20,9.7157954614755,0.0,-0.006391395349055529,0.0010646508308127522,0.2843928337097168,-9.169217109680176,0.06864655017852783
2025-03-07 02:00:03.051472,320,240,20,20,9.563812954256719,-0.0005323254154063761,-0.0026616270188242197,0.0005323254154063761,0.2843928337097168,-9.169217109680176,0.04903324693441391
2025-03-07 02:00:03.085004,320,240,20,20,9.612805456583738,-0.0015969761880114675,-0.0010646508308127522,0.0026616270188242197,0.2843928337097168,-9.169217109680176,0.04903324693441391
2025-03-07 02:00:03.118169,320,240,20,20,9.720187961684132,-0.0015969761880114675,-0.0026616270188242197,0.0,0.2843928337097168,-9.169217109680176,0.04903324693441391
2025-03-07 02:00:03.152620,320,240,20,20,9.705082960966683,0.0005323254154063761,-0.005324999336153269,0.0026616270188242197,0.2843928337097168,-9.169217109680176,0.04903324693441391
2025-03-07 02:00:03.184586,320,240,20,20,9.824187966623867,-0.004260348621755838,-0.010119418613612652,-0.0010646508308127522,0.2843928337097168,-9.149603843688965,0.04903324693441391
2025-03-07 02:00:03.219614,320,240,20,20,9.693800460430793,-0.0015969761880114675,-0.0026616270188242197,0.007456046529114246,0.26477953791618347,-9.169217109680176,0.04903324693441391
2025-03-07 02:00:03.251473,320,240,20,20,9.691282960311218,0.0015969761880114675,-0.007988371886312962,0.005324999336153269,0.2843928337097168,-9.169217109680176,0.06864655017852783
2025-03-07 02:00:03.287981,320,240,20,20,9.689387960221211,-0.0021293016616255045,-0.003728023264557123,0.0015969761880114675,0.2843928337097168,-9.169217109680176,0.04903324693441391
2025-03-07 02:00:03.317948,320,240,20,20,9.553945453788037,-0.0031956976745277643,-0.0021293016616255045,0.003728023264557123,0.2843928337097168,-9.188830375671387,0.04903324693441391
2025-03-07 02:00:03.353019,320,240,20,20,9.592437955616333,-0.0026616270188242197,-0.007456046529114246,0.0010646508308127522,0.2843928337097168,-9.169217109680176,0.04903324693441391
2025-03-07 02:00:03.383692,320,240,20,20,9.356202944395772,0.0021293016616255045,-0.0031956976745277643,0.004792673978954554,0.3040061295032501,-9.169217109680176,0.06864655017852783
2025-03-07 02:00:03.421493,320,240,20,20,9.69504296048981,-0.0005323254154063761,-0.0026616270188242197,0.0021293016616255045,0.2843928337097168,-9.169217109680176,0.06864655017852783
2025-03-07 02:00:03.451634,320,240,20,20,9.868270468717673,-0.0021293016616255045,-0.010651743970811367,0.0010646508308127522,0.26477953791618347,-9.169217109680176,0.04903324693441391
2025-03-07 02:00:03.490686,320,240,20,20,9.60173795605806,-0.0010646508308127522,-0.007456046529114246,0.0026616270188242197,0.2843928337097168,-9.169217109680176,0.04903324693441391
2025-03-07 02:00:03.523755,320,240,20,20,9.74876796304161,-0.0010646508308127522,-0.0021293016616255045,0.0005323254154063761,0.2843928337097168,-9.169217109680176,0.04903324693441391
2025-03-07 02:00:03.563501,320,240,20,20,9.618302956844854,-0.0010646508308127522,-0.003728023264557123,0.0,0.2843928337097168,-9.169217109680176,0.04903324693441391
2025-03-07 02:00:03.605371,320,240,20,20,9.596812955824134,-0.0010646508308127522,-0.007456046529114246,0.0,0.2843928337097168,-9.188830375671387,0.04903324693441391
2025-03-07 02:00:03.644740,320,240,20,20,9.61387545663456,0.003728023264557123,-0.010119418613612652,0.005324999336153269,0.3040061295032501,-9.169217109680176,0.04903324693441391
2025-03-07 02:00:03.682787,320,240,20,20,9.677895459675346,-0.0026616270188242197,-0.004792673978954554,0.0015969761880114675,0.26477953791618347,-9.169217109680176,0.06864655017852783
2025-03-07 02:00:03.720352,320,240,20,20,9.599255455940147,0.0005323254154063761,-0.0015969761880114675,-0.003728023264557123,0.2843928337097168,-9.169217109680176,0.06864655017852783
2025-03-07 02:00:03.754451,320,240,20,20,9.549160453560763,-0.0010646508308127522,-0.007988371886312962,0.0026616270188242197,0.2843928337097168,-9.149603843688965,0.04903324693441391
2025-03-07 02:00:03.793460,320,240,20,20,9.502665451352367,-0.0021293016616255045,-0.010651743970811367,0.0026616270188242197,0.2843928337097168,-9.169217109680176,0.04903324693441391
2025-03-07 02:00:03.829291,320,240,20,20,9.843190467526437,-0.0005323254154063761,-0.0031956976745277643,0.0010646508308127522,0.2843928337097168,-9.169217109680176,0.04903324693441391
2025-03-07 02:00:03.867282,320,240,20,20,9.686620460089761,0.0031956976745277643,-0.005859069991856813,0.0026616270188242197,0.2843928337097168,-9.169217109680176,0.04903324693441391
2025-03-07 02:00:03.903297,320,240,20,20,9.59692295582936,0.0026616270188242197,-0.004792673978954554,0.0005323254154063761,0.2843928337097168,-9.169217109680176,0.04903324693441391
2025-03-07 02:00:03.941284,320,240,20,20,9.861855468412978,-0.0021293016616255045,-0.004260348621755838,0.005324999336153269,0.2843928337097168,-9.169217109680176,0.029419949278235435
2025-03-07 02:00:03.977361,320,240,20,20,9.693195460402057,-0.0005323254154063761,-0.007456046529114246,0.0031956976745277643,0.2843928337097168,-9.169217109680176,0.029419949278235435
2025-03-07 02:00:04.007495,320,240,20,20,9.591832955587597,-0.0010646508308127522,-0.0010646508308127522,0.0005323254154063761,0.3040061295032501,-9.169217109680176,0.029419949278235435
2025-03-07 02:00:04.037396,320,240,20,20,9.550250453612534,0.0010646508308127522,-0.0010646508308127522,0.0010646508308127522,0.2843928337097168,-9.188830375671387,0.06864655017852783
2025-03-07 02:00:04.067237,320,240,20,20,9.840387967393326,-0.0015969761880114675,-0.005324999336153269,-0.0005323254154063761,0.2843928337097168,-9.169217109680176,0.06864655017852783
2025-03-07 02:00:04.097447,320,240,20,20,9.685240460024215,0.0,-0.003728023264557123,0.0031956976745277643,0.3040061295032501,-9.169217109680176,0.04903324693441391
2025-03-07 02:00:04.127273,320,240,20,20,9.59027545551362,-0.004792673978954554,-0.004792673978954554,0.004260348621755838,0.2843928337097168,-9.169217109680176,0.04903324693441391
2025-03-07 02:00:04.157463,320,240,20,20,9.609287956416665,-0.0005323254154063761,-0.006923720706254244,-0.0005323254154063761,0.3040061295032501,-9.188830375671387,0.04903324693441391
2025-03-07 02:00:04.188013,320,240,20,20,9.829092966856843,-0.0026616270188242197,-0.010119418613612652,0.0015969761880114675,0.2843928337097168,-9.188830375671387,0.04903324693441391
2025-03-07 02:00:04.218169,320,240,20,20,9.58840295542468,-0.0031956976745277643,-0.004260348621755838,0.0031956976745277643,0.3040061295032501,-9.188830375671387,0.06864655017852783
2025-03-07 02:00:04.250816,320,240,20,20,9.849315467817359,0.004792673978954554,-0.003728023264557123,-0.0005323254154063761,0.2843928337097168,-9.188830375671387,0.06864655017852783
2025-03-07 02:00:04.286959,320,240,20,20,9.831132966953737,-0.0031956976745277643,-0.004792673978954554,0.0031956976745277643,0.2843928337097168,-9.169217109680176,0.06864655017852783
2025-03-07 02:00:04.317371,320,240,20,20,9.911705470780726,0.0015969761880114675,-0.009054767899215221,0.0021293016616255045,0.2843928337097168,-9.169217109680176,0.04903324693441391
2025-03-07 02:00:04.355627,320,240,20,20,9.650160458358005,-0.0031956976745277643,-0.007456046529114246,0.004792673978954554,0.2843928337097168,-9.149603843688965,0.029419949278235435
2025-03-07 02:00:04.385593,320,240,20,20,9.734110462345416,-0.0005323254154063761,-0.0031956976745277643,0.0021293016616255045,0.2843928337097168,-9.169217109680176,0.06864655017852783
2025-03-07 02:00:04.417497,320,240,20,20,9.699030460679205,0.0,-0.010119418613612652,0.0005323254154063761,0.2843928337097168,-9.169217109680176,0.06864655017852783
2025-03-07 02:00:04.452076,320,240,20,20,9.615052956690487,0.0,-0.010651743970811367,0.004792673978954554,0.3040061295032501,-9.169217109680176,0.08825984597206116
2025-03-07 02:00:04.485620,320,240,20,20,9.918497971103353,-0.0026616270188242197,-0.009054767899215221,0.0,0.2843928337097168,-9.169217109680176,0.04903324693441391
2025-03-07 02:00:04.518542,320,240,20,20,9.661050458875252,-0.0021293016616255045,-0.010651743970811367,0.004792673978954554,0.3040061295032501,-9.188830375671387,0.04903324693441391
2025-03-07 02:00:04.553401,320,240,20,20,9.601367956040486,0.0021293016616255045,-0.008520697243511677,0.005324999336153269,0.2843928337097168,-9.169217109680176,0.029419949278235435
2025-03-07 02:00:04.599259,320,240,20,20,9.651217958408234,-0.0026616270188242197,-0.009054767899215221,0.005324999336153269,0.3040061295032501,-9.188830375671387,0.04903324693441391
2025-03-07 02:00:04.644115,320,240,20,20,9.677125459638773,-0.0015969761880114675,-0.006923720706254244,0.0010646508308127522,0.2843928337097168,-9.169217109680176,0.04903324693441391
2025-03-07 02:00:04.684989,320,240,20,20,9.680742959810596,0.0010646508308127522,-0.0010646508308127522,0.0031956976745277643,0.2843928337097168,-9.188830375671387,0.06864655017852783
2025-03-07 02:00:04.723699,320,240,20,20,9.668920459249057,0.0010646508308127522,-0.004260348621755838,0.0015969761880114675,0.3040061295032501,-9.149603843688965,0.029419949278235435
2025-03-07 02:00:04.759402,320,240,20,20,9.672942959440116,0.0,-0.003728023264557123,-0.0015969761880114675,0.2843928337097168,-9.149603843688965,0.04903324693441391
2025-03-07 02:00:04.791364,320,240,20,20,9.530410452670186,-0.0015969761880114675,-0.0010646508308127522,0.0015969761880114675,0.26477953791618347,-9.169217109680176,0.04903324693441391
2025-03-07 02:00:04.821238,320,240,20,20,9.80464296569553,-0.0021293016616255045,-0.009054767899215221,0.0005323254154063761,0.3040061295032501,-9.188830375671387,0.06864655017852783
2025-03-07 02:00:04.851149,320,240,20,20,9.83872796731448,-0.0015969761880114675,-0.005859069991856813,0.0026616270188242197,0.2843928337097168,-9.188830375671387,0.06864655017852783
2025-03-07 02:00:04.885056,320,240,20,20,9.630930457444629,-0.005324999336153269,-0.005859069991856813,0.004792673978954554,0.2843928337097168,-9.169217109680176,0.04903324693441391
2025-03-07 02:00:04.920044,320,240,20,20,9.606895456303027,-0.0015969761880114675,-0.006923720706254244,0.003728023264557123,0.2843928337097168,-9.169217109680176,0.029419949278235435
2025-03-07 02:00:04.952705,320,240,20,20,9.646592958188558,-0.0021293016616255045,-0.003728023264557123,-0.0005323254154063761,0.2843928337097168,-9.169217109680176,0.04903324693441391
2025-03-07 02:00:04.985479,320,240,20,20,9.648267958268116,0.0015969761880114675,-0.005859069991856813,0.005324999336153269,0.2843928337097168,-9.169217109680176,0.06864655017852783
2025-03-07 02:00:05.018003,320,240,20,20,9.527385452526506,-0.0021293016616255045,-0.003728023264557123,0.0005323254154063761,0.2843928337097168,-9.169217109680176,0.06864655017852783
2025-03-07 02:00:05.053902,320,240,20,20,9.638357957797416,-0.0010646508308127522,-0.004260348621755838,-0.0010646508308127522,0.2843928337097168,-9.188830375671387,0.04903324693441391
2025-03-07 02:00:05.084505,320,240,20,20,9.84621046766988,-0.004792673978954554,-0.005859069991856813,0.006923720706254244,0.2843928337097168,-9.169217109680176,0.029419949278235435
2025-03-07 02:00:05.121717,320,240,20,20,9.52668045249302,-0.0021293016616255045,-0.0021293016616255045,0.0015969761880114675,0.2843928337097168,-9.169217109680176,0.06864655017852783
2025-03-07 02:00:05.162648,320,240,20,20,9.658290458744158,0.0031956976745277643,-0.009587093256413937,0.004792673978954554,0.3040061295032501,-9.188830375671387,0.029419949278235435
2025-03-07 02:00:05.210957,320,240,20,20,9.792475465117604,0.0005323254154063761,-0.006391395349055529,0.004792673978954554,0.2843928337097168,-9.169217109680176,0.04903324693441391
2025-03-07 02:00:05.257069,320,240,20,20,9.733312962307537,0.0021293016616255045,-0.005859069991856813,0.0005323254154063761,0.2843928337097168,-9.169217109680176,0.029419949278235435
2025-03-07 02:00:05.298667,320,240,20,20,9.721060461725575,-0.0031956976745277643,-0.009054767899215221,0.004260348621755838,0.26477953791618347,-9.169217109680176,0.06864655017852783
2025-03-07 02:00:05.337420,320,240,20,20,9.571162954605825,-0.003728023264557123,-0.007988371886312962,0.003728023264557123,0.3040061295032501,-9.169217109680176,0.04903324693441391
2025-03-07 02:00:05.375274,320,240,20,20,9.572250454657478,0.0015969761880114675,-0.006923720706254244,0.0015969761880114675,0.2843928337097168,-9.188830375671387,0.04903324693441391
2025-03-07 02:00:05.413920,320,240,20,20,9.609525456427946,0.0031956976745277643,-0.006923720706254244,-0.0005323254154063761,0.2843928337097168,-9.169217109680176,0.029419949278235435
2025-03-07 02:00:05.453960,320,240,20,20,9.695790460525313,0.0031956976745277643,-0.010119418613612652,0.0015969761880114675,0.2843928337097168,-9.188830375671387,0.06864655017852783
2025-03-07 02:00:05.492395,320,240,20,20,9.560222954086203,-0.0021293016616255045,-0.009054767899215221,0.0015969761880114675,0.3040061295032501,-9.169217109680176,0.04903324693441391
2025-03-07 02:00:05.529459,320,240,20,20,9.648785458292696,0.0031956976745277643,-0.0031956976745277643,0.0015969761880114675,0.3040061295032501,-9.169217109680176,0.029419949278235435
2025-03-07 02:00:05.570544,320,240,20,20,9.479367950245797,-0.0010646508308127522,-0.0021293016616255045,0.004792673978954554,0.2843928337097168,-9.169217109680176,0.04903324693441391
2025-03-07 02:00:05.610603,320,240,20,20,9.554552953816891,-0.003728023264557123,-0.007456046529114246,-0.0026616270188242197,0.3040061295032501,-9.188830375671387,0.04903324693441391
2025-03-07 02:00:05.649575,320,240,20,20,9.841922967466235,-0.003728023264557123,-0.010119418613612652,0.0005323254154063761,0.2843928337097168,-9.169217109680176,0.06864655017852783
2025-03-07 02:00:05.687812,320,240,20,20,9.774527964265143,-0.0031956976745277643,-0.0015969761880114675,0.0,0.3040061295032501,-9.169217109680176,0.06864655017852783
2025-03-07 02:00:05.725886,320,240,20,20,9.653775458529708,0.0015969761880114675,-0.007456046529114246,0.0031956976745277643,0.2843928337097168,-9.188830375671387,0.06864655017852783
2025-03-07 02:00:05.764554,320,240,20,20,9.457520449208095,0.0015969761880114675,-0.009054767899215221,0.0031956976745277643,0.2843928337097168,-9.169217109680176,0.04903324693441391
2025-03-07 02:00:05.803039,320,240,20,20,9.629692957385851,-0.0021293016616255045,-0.006391395349055529,0.0031956976745277643,0.26477953791618347,-9.169217109680176,0.04903324693441391
2025-03-07 02:00:05.842595,320,240,20,20,9.486367950578279,-0.0005323254154063761,-0.008520697243511677,0.005859069991856813,0.2843928337097168,-9.169217109680176,0.06864655017852783
2025-03-07 02:00:05.882145,320,240,20,20,9.601440456043928,-0.004792673978954554,-0.010651743970811367,0.0015969761880114675,0.3040061295032501,-9.169217109680176,0.04903324693441391
2025-03-07 02:00:05.921699,320,240,20,20,9.80060296550364,-0.004260348621755838,-0.009054767899215221,0.005859069991856813,0.2843928337097168,-9.188830375671387,0.04903324693441391
2025-03-07 02:00:05.961514,320,240,20,20,9.802742965605285,-0.003728023264557123,-0.007988371886312962,0.0015969761880114675,0.3040061295032501,-9.169217109680176,0.04903324693441391
2025-03-07 02:00:05.999127,320,240,20,20,9.671045459349989,-0.0015969761880114675,-0.005859069991856813,0.0021293016616255045,0.3040061295032501,-9.188830375671387,0.04903324693441391
2025-03-07 02:00:06.038377,320,240,20,20,9.683707959951425,-0.0010646508308127522,-0.007456046529114246,0.0021293016616255045,0.2843928337097168,-9.169217109680176,0.08825984597206116
2025-03-07 02:00:06.076843,320,240,20,20,9.77871296446392,-0.0010646508308127522,-0.008520697243511677,0.0015969761880114675,0.2843928337097168,-9.169217109680176,0.04903324693441391
2025-03-07 02:00:06.109716,320,240,20,20,9.753007963242998,-0.004260348621755838,-0.0026616270188242197,0.0026616270188242197,0.2843928337097168,-9.149603843688965,0.06864655017852783
2025-03-07 02:00:06.140006,320,240,20,20,9.615777956724923,-0.0005323254154063761,-0.009587093256413937,-0.0005323254154063761,0.2843928337097168,-9.169217109680176,0.029419949278235435
2025-03-07 02:00:06.169942,320,240,20,20,9.683485459940858,0.0026616270188242197,-0.012782790698111057,0.0010646508308127522,0.2843928337097168,-9.169217109680176,0.06864655017852783
2025-03-07 02:00:06.199641,320,240,20,20,9.63847045780276,-0.0015969761880114675,-0.004792673978954554,0.0005323254154063761,0.2843928337097168,-9.169217109680176,0.06864655017852783
2025-03-07 02:00:06.229813,320,240,20,20,9.852035467946553,0.0026616270188242197,-0.005324999336153269,0.0026616270188242197,0.2843928337097168,-9.169217109680176,0.04903324693441391
2025-03-07 02:00:06.259736,320,240,20,20,9.63540295765706,0.0010646508308127522,-0.003728023264557123,0.0031956976745277643,0.2843928337097168,-9.188830375671387,0.04903324693441391
2025-03-07 02:00:06.290130,320,240,20,20,9.723045461819856,-0.004792673978954554,-0.009054767899215221,0.003728023264557123,0.2843928337097168,-9.188830375671387,0.04903324693441391
2025-03-07 02:00:06.319950,320,240,20,20,9.61067295648245,-0.0005323254154063761,-0.008520697243511677,0.004260348621755838,0.2843928337097168,-9.169217109680176,0.04903324693441391
2025-03-07 02:00:06.351102,320,240,20,20,9.679655459758942,-0.0021293016616255045,-0.0010646508308127522,0.0031956976745277643,0.2843928337097168,-9.169217109680176,0.029419949278235435
2025-03-07 02:00:06.388427,320,240,20,20,9.756972963431327,0.0026616270188242197,-0.0031956976745277643,0.0031956976745277643,0.3040061295032501,-9.169217109680176,0.06864655017852783
2025-03-07 02:00:06.419254,320,240,20,20,9.620107956930587,-0.0005323254154063761,-0.006923720706254244,-0.0010646508308127522,0.3040061295032501,-9.169217109680176,0.04903324693441391
2025-03-07 02:00:06.452307,320,240,20,20,9.53651045295992,-0.0005323254154063761,-0.005324999336153269,-0.0021293016616255045,0.2843928337097168,-9.169217109680176,0.06864655017852783
2025-03-07 02:00:06.490337,320,240,20,20,9.520932952220027,0.0021293016616255045,-0.005324999336153269,0.0031956976745277643,0.2843928337097168,-9.169217109680176,0.029419949278235435
2025-03-07 02:00:06.520827,320,240,20,20,9.5147404519259,-0.005324999336153269,-0.006391395349055529,0.005324999336153269,0.2843928337097168,-9.169217109680176,0.04903324693441391
2025-03-07 02:00:06.551293,320,240,20,20,9.579525455003022,-0.0026616270188242197,-0.005859069991856813,0.004792673978954554,0.3040061295032501,-9.169217109680176,0.04903324693441391
2025-03-07 02:00:06.590191,320,240,20,20,9.70781546109647,-0.0005323254154063761,-0.007456046529114246,0.003728023264557123,0.2843928337097168,-9.169217109680176,0.06864655017852783
2025-03-07 02:00:06.620628,320,240,20,20,9.563642954248644,-0.0021293016616255045,-0.0021293016616255045,0.0005323254154063761,0.2843928337097168,-9.169217109680176,0.04903324693441391
2025-03-07 02:00:06.651654,320,240,20,20,9.671070459351176,0.0,-0.005324999336153269,0.004260348621755838,0.3040061295032501,-9.169217109680176,0.029419949278235435
2025-03-07 02:00:06.688489,320,240,20,20,9.569177954511542,0.0015969761880114675,-0.008520697243511677,-0.0005323254154063761,0.2843928337097168,-9.149603843688965,0.04903324693441391
2025-03-07 02:00:06.718548,320,240,20,20,9.778120464435778,0.0,-0.0026616270188242197,0.0026616270188242197,0.2843928337097168,-9.169217109680176,0.029419949278235435
2025-03-07 02:00:06.756051,320,240,20,20,9.625862957203935,-0.005859069991856813,-0.008520697243511677,-0.0015969761880114675,0.2843928337097168,-9.169217109680176,0.04903324693441391
2025-03-07 02:00:06.786372,320,240,20,20,9.80721046581748,-0.0021293016616255045,-0.003728023264557123,0.0031956976745277643,0.3040061295032501,-9.169217109680176,0.04903324693441391
2025-03-07 02:00:06.819907,320,240,20,20,9.819792966415116,-0.0031956976745277643,-0.005859069991856813,0.0005323254154063761,0.2843928337097168,-9.169217109680176,0.06864655017852783
2025-03-07 02:00:06.852926,320,240,20,20,9.595535455763457,-0.0021293016616255045,-0.006923720706254244,0.0005323254154063761,0.2843928337097168,-9.169217109680176,0.04903324693441391
2025-03-07 02:00:06.888042,320,240,20,20,9.78786796489876,0.0,-0.0026616270188242197,-0.0010646508308127522,0.3040061295032501,-9.169217109680176,0.04903324693441391
2025-03-07 02:00:06.919085,320,240,20,20,9.643855458058534,-0.0005323254154063761,-0.0031956976745277643,-0.0031956976745277643,0.2843928337097168,-9.149603843688965,0.04903324693441391
2025-03-07 02:00:06.953913,320,240,20,20,9.87110546885233,0.0,-0.006391395349055529,-0.0005323254154063761,0.2843928337097168,-9.169217109680176,0.04903324693441391
2025-03-07 02:00:06.985521,320,240,20,20,9.566895454403129,0.0021293016616255045,-0.004792673978954554,0.0,0.2843928337097168,-9.188830375671387,0.04903324693441391
2025-03-07 02:00:07.021543,320,240,20,20,9.563142954224896,-0.0015969761880114675,-0.007456046529114246,0.0015969761880114675,0.3040061295032501,-9.169217109680176,0.08825984597206116
2025-03-07 02:00:07.051614,320,240,20,20,9.592465455617639,-0.0021293016616255045,-0.003728023264557123,0.0010646508308127522,0.2843928337097168,-9.169217109680176,0.06864655017852783
2025-03-07 02:00:07.087504,320,240,20,20,9.794342965206306,-0.0031956976745277643,-0.007456046529114246,0.0026616270188242197,0.2843928337097168,-9.169217109680176,0.04903324693441391
2025-03-07 02:00:07.118630,320,240,20,20,9.424035447617644,-0.0015969761880114675,-0.010651743970811367,0.004792673978954554,0.2843928337097168,-9.169217109680176,0.04903324693441391
2025-03-07 02:00:07.155120,320,240,20,20,9.571455454619718,0.0010646508308127522,-0.006923720706254244,0.0,0.2843928337097168,-9.188830375671387,0.029419949278235435
2025-03-07 02:00:07.186368,320,240,20,20,9.455000449088402,-0.0010646508308127522,-0.005859069991856813,-0.004260348621755838,0.2843928337097168,-9.188830375671387,0.04903324693441391
2025-03-07 02:00:07.218579,320,240,20,20,9.792680465127342,-0.0015969761880114675,-0.005859069991856813,0.0026616270188242197,0.2843928337097168,-9.169217109680176,0.04903324693441391
2025-03-07 02:00:07.254132,320,240,20,20,9.608525456380448,0.0,-0.004792673978954554,0.0031956976745277643,0.3040061295032501,-9.169217109680176,0.04903324693441391
2025-03-07 02:00:07.286954,320,240,20,20,9.684167959973275,0.0,-0.004260348621755838,0.0010646508308127522,0.2843928337097168,-9.169217109680176,0.04903324693441391
2025-03-07 02:00:07.318750,320,240,20,20,9.676857959626068,0.0,-0.0031956976745277643,0.0010646508308127522,0.3040061295032501,-9.169217109680176,0.04903324693441391
2025-03-07 02:00:07.354053,320,240,20,20,9.87309046894661,-0.0031956976745277643,-0.006391395349055529,0.003728023264557123,0.2843928337097168,-9.169217109680176,0.04903324693441391
2025-03-07 02:00:07.386423,320,240,20,20,9.75535296335438,-0.0010646508308127522,-0.005859069991856813,0.0005323254154063761,0.2843928337097168,-9.169217109680176,0.06864655017852783
2025-03-07 02:00:07.420812,320,240,20,20,9.72491046190844,-0.0026616270188242197,-0.0026616270188242197,-0.0026616270188242197,0.2843928337097168,-9.188830375671387,0.04903324693441391
2025-03-07 02:00:07.452517,320,240,20,20,9.594367955708003,0.0005323254154063761,-0.0026616270188242197,0.0021293016616255045,0.3040061295032501,-9.169217109680176,0.04903324693441391
2025-03-07 02:00:07.487825,320,240,20,20,9.50628545152431,0.0005323254154063761,-0.006923720706254244,0.0010646508308127522,0.2843928337097168,-9.169217109680176,0.04903324693441391
2025-03-07 02:00:07.518987,320,240,20,20,9.660692958858272,0.0010646508308127522,-0.004792673978954554,0.0015969761880114675,0.2843928337097168,-9.169217109680176,0.06864655017852783
2025-03-07 02:00:07.553038,320,240,20,20,9.827435466778116,0.0026616270188242197,-0.006923720706254244,0.0031956976745277643,0.2843928337097168,-9.188830375671387,0.06864655017852783
2025-03-07 02:00:07.588366,320,240,20,20,9.350512944125512,-0.0005323254154063761,-0.004260348621755838,0.0021293016616255045,0.2843928337097168,-9.169217109680176,0.06864655017852783
2025-03-07 02:00:07.618785,320,240,20,20,9.357882944475568,0.0005323254154063761,-0.004792673978954554,0.0010646508308127522,0.2843928337097168,-9.169217109680176,0.029419949278235435
2025-03-07 02:00:07.654984,320,240,20,20,9.610880456492305,-0.0031956976745277643,-0.007456046529114246,0.0021293016616255045,0.2843928337097168,-9.169217109680176,0.04903324693441391
2025-03-07 02:00:07.693238,320,240,20,20,9.73370296232606,-0.0015969761880114675,-0.009054767899215221,-0.0005323254154063761,0.2843928337097168,-9.169217109680176,0.029419949278235435
2025-03-07 02:00:07.731656,320,240,20,20,9.602915456113987,0.0015969761880114675,-0.003728023264557123,0.0021293016616255045,0.26477953791618347,-9.169217109680176,0.04903324693441391
2025-03-07 02:00:07.772073,320,240,20,20,9.823060466570315,-0.0005323254154063761,-0.0031956976745277643,0.0015969761880114675,0.3040061295032501,-9.188830375671387,0.06864655017852783
2025-03-07 02:00:07.809745,320,240,20,20,9.78707046486088,-0.0010646508308127522,-0.0021293016616255045,-0.0015969761880114675,0.2843928337097168,-9.169217109680176,0.04903324693441391
2025-03-07 02:00:07.847662,320,240,20,20,9.732717962279276,-0.0026616270188242197,-0.009054767899215221,-0.0005323254154063761,0.2843928337097168,-9.149603843688965,0.06864655017852783
2025-03-07 02:00:07.886403,320,240,20,20,9.577097954887723,0.0021293016616255045,-0.006391395349055529,-0.0005323254154063761,0.2843928337097168,-9.169217109680176,0.04903324693441391
2025-03-07 02:00:07.926603,320,240,20,20,9.67406795949355,0.0,-0.005859069991856813,0.0031956976745277643,0.2843928337097168,-9.169217109680176,0.009806649759411812
2025-03-07 02:00:07.964651,320,240,20,20,9.715710461471463,0.0010646508308127522,-0.010119418613612652,0.0021293016616255045,0.2843928337097168,-9.169217109680176,0.04903324693441391
2025-03-07 02:00:08.001852,320,240,20,20,9.593922955686867,0.0010646508308127522,-0.007988371886312962,0.003728023264557123,0.2843928337097168,-9.169217109680176,0.06864655017852783
2025-03-07 02:00:08.040429,320,240,20,20,9.422277947534166,-0.004260348621755838,-0.0021293016616255045,0.003728023264557123,0.2843928337097168,-9.169217109680176,0.06864655017852783
2025-03-07 02:00:08.080647,320,240,20,20,9.619852956918475,0.0015969761880114675,-0.006391395349055529,0.0021293016616255045,0.3040061295032501,-9.169217109680176,0.04903324693441391
2025-03-07 02:00:08.120077,320,240,20,20,9.611400456517003,0.0005323254154063761,-0.012250465340912342,0.0015969761880114675,0.2843928337097168,-9.169217109680176,0.04903324693441391
2025-03-07 02:00:08.158494,320,240,20,20,9.769625464032288,0.0015969761880114675,-0.011184069328010082,0.0021293016616255045,0.2843928337097168,-9.188830375671387,0.04903324693441391
2025-03-07 02:00:08.190479,320,240,20,20,9.739825462616864,-0.0021293016616255045,-0.009054767899215221,0.004792673978954554,0.2843928337097168,-9.188830375671387,0.06864655017852783
2025-03-07 02:00:08.220998,320,240,20,20,9.667840459197759,0.0026616270188242197,-0.009054767899215221,-0.0005323254154063761,0.2843928337097168,-9.169217109680176,0.04903324693441391
2025-03-07 02:00:08.252212,320,240,20,20,9.79210546510003,-0.004260348621755838,-0.005859069991856813,0.003728023264557123,0.2843928337097168,-9.169217109680176,0.029419949278235435
2025-03-07 02:00:08.288599,320,240,20,20,9.880377969292748,0.003728023264557123,-0.005859069991856813,0.0026616270188242197,0.2843928337097168,-9.169217109680176,0.029419949278235435
2025-03-07 02:00:08.319527,320,240,20,20,9.78100296457269,-0.0015969761880114675,-0.009587093256413937,0.0010646508308127522,0.3040061295032501,-9.169217109680176,0.029419949278235435
2025-03-07 02:00:08.355757,320,240,20,20,9.702730460854946,0.0,-0.005324999336153269,0.0031956976745277643,0.2843928337097168,-9.169217109680176,0.06864655017852783
2025-03-07 02:00:08.386268,320,240,20,20,9.602507956094632,0.0,-0.005859069991856813,0.003728023264557123,0.2843928337097168,-9.188830375671387,0.029419949278235435
2025-03-07 02:00:08.422868,320,240,20,20,9.549852953593653,-0.0015969761880114675,-0.005859069991856813,0.004260348621755838,0.2843928337097168,-9.169217109680176,0.06864655017852783
2025-03-07 02:00:08.453233,320,240,20,20,9.550750453636283,-0.0010646508308127522,-0.007988371886312962,0.003728023264557123,0.3040061295032501,-9.169217109680176,0.06864655017852783
2025-03-07 02:00:08.486848,320,240,20,20,9.604965456211357,-0.0005323254154063761,-0.0031956976745277643,0.0031956976745277643,0.3040061295032501,-9.169217109680176,0.04903324693441391
2025-03-07 02:00:08.521186,320,240,20,20,9.596637955815822,-0.0015969761880114675,-0.004260348621755838,0.0005323254154063761,0.2843928337097168,-9.169217109680176,0.06864655017852783
2025-03-07 02:00:08.553244,320,240,20,20,9.674352959507086,0.0026616270188242197,-0.0026616270188242197,0.0,0.3040061295032501,-9.169217109680176,0.04903324693441391
2025-03-07 02:00:08.587650,320,240,20,20,9.652892958487792,-0.0010646508308127522,-0.007988371886312962,0.003728023264557123,0.2843928337097168,-9.169217109680176,0.06864655017852783
2025-03-07 02:00:08.620213,320,240,20,20,9.712297961309378,0.0,-0.0031956976745277643,0.005324999336153269,0.2843928337097168,-9.188830375671387,0.06864655017852783
2025-03-07 02:00:08.654309,320,240,20,20,9.626042957212485,0.0021293016616255045,-0.008520697243511677,0.0031956976745277643,0.2843928337097168,-9.169217109680176,0.04903324693441391
2025-03-07 02:00:08.688379,320,240,20,20,9.703647960898525,-0.0005323254154063761,-0.009054767899215221,0.0010646508308127522,0.2843928337097168,-9.169217109680176,0.029419949278235435
2025-03-07 02:00:08.719646,320,240,20,20,9.642805458008661,0.0015969761880114675,0.0005323254154063761,0.0005323254154063761,0.2843928337097168,-9.188830375671387,0.029419949278235435
2025-03-07 02:00:08.756022,320,240,20,20,9.674255459502456,-0.0010646508308127522,-0.007456046529114246,0.0010646508308127522,0.2843928337097168,-9.169217109680176,0.04903324693441391
2025-03-07 02:00:08.786536,320,240,20,20,9.784952964760304,0.0015969761880114675,-0.004792673978954554,0.0,0.3040061295032501,-9.169217109680176,0.06864655017852783
2025-03-07 02:00:08.822236,320,240,20,20,9.768152963962347,-0.0021293016616255045,-0.006923720706254244,-0.0021293016616255045,0.3040061295032501,-9.149603843688965,0.04903324693441391
2025-03-07 02:00:08.867946,320,240,20,20,9.775445464308723,-0.004792673978954554,-0.007456046529114246,0.0026616270188242197,0.2843928337097168,-9.169217109680176,0.04903324693441391
2025-03-07 02:00:08.910139,320,240,20,20,9.665575459090178,-0.0021293016616255045,-0.004260348621755838,0.0005323254154063761,0.2843928337097168,-9.149603843688965,0.04903324693441391
2025-03-07 02:00:08.951064,320,240,20,20,9.574702954773965,-0.0010646508308127522,-0.005324999336153269,0.0,0.2843928337097168,-9.169217109680176,0.06864655017852783
2025-03-07 02:00:08.992717,320,240,20,20,9.644555458091782,-0.005324999336153269,-0.006923720706254244,-0.0010646508308127522,0.2843928337097168,-9.169217109680176,0.04903324693441391
2025-03-07 02:00:09.030703,320,240,20,20,9.63325545755506,0.0005323254154063761,-0.006391395349055529,0.0026616270188242197,0.2843928337097168,-9.149603843688965,0.04903324693441391
2025-03-07 02:00:09.070262,320,240,20,20,9.707600461086258,-0.0021293016616255045,-0.006391395349055529,0.0021293016616255045,0.2843928337097168,-9.169217109680176,0.029419949278235435
2025-03-07 02:00:09.108863,320,240,20,20,9.72491046190844,0.0,-0.0031956976745277643,0.0031956976745277643,0.2843928337097168,-9.188830375671387,0.06864655017852783
2025-03-07 02:00:09.151049,320,240,20,20,9.738090462534455,0.0,-0.006391395349055529,0.0010646508308127522,0.2843928337097168,-9.169217109680176,0.06864655017852783
2025-03-07 02:00:09.193213,320,240,20,20,9.391225446059252,0.0021293016616255045,-0.009587093256413937,0.007456046529114246,0.2843928337097168,-9.169217109680176,0.04903324693441391
2025-03-07 02:00:09.234382,320,240,20,20,9.862042968421884,-0.0026616270188242197,-0.004792673978954554,-0.0015969761880114675,0.2843928337097168,-9.169217109680176,0.04903324693441391
2025-03-07 02:00:09.272339,320,240,20,20,9.565527954338176,0.0,-0.004792673978954554,0.0015969761880114675,0.2843928337097168,-9.169217109680176,0.04903324693441391
2025-03-07 02:00:09.309632,320,240,20,20,9.233025438545155,-0.004260348621755838,-0.007988371886312962,0.0031956976745277643,0.2843928337097168,-9.169217109680176,0.04903324693441391
2025-03-07 02:00:09.346273,320,240,20,20,9.540115453131147,0.0005323254154063761,-0.006391395349055529,0.0005323254154063761,0.2843928337097168,-9.169217109680176,0.04903324693441391
2025-03-07 02:00:09.378961,320,240,20,20,9.838552967306168,-0.0010646508308127522,-0.005324999336153269,0.0026616270188242197,0.2843928337097168,-9.169217109680176,0.04903324693441391
2025-03-07 02:00:09.409484,320,240,20,20,9.8530154679931,0.0005323254154063761,-0.003728023264557123,0.0021293016616255045,0.2843928337097168,-9.169217109680176,0.06864655017852783
2025-03-07 02:00:09.450471,320,240,20,20,9.644132958071713,0.0,-0.005324999336153269,0.0,0.3040061295032501,-9.169217109680176,0.029419949278235435
2025-03-07 02:00:09.485871,320,240,20,20,9.355865444379742,-0.0010646508308127522,-0.007988371886312962,0.0010646508308127522,0.3040061295032501,-9.169217109680176,0.029419949278235435
2025-03-07 02:00:09.526735,320,240,20,20,9.835122967143253,-0.0005323254154063761,-0.010119418613612652,-0.0005323254154063761,0.2843928337097168,-9.169217109680176,0.06864655017852783
2025-03-07 02:00:09.569228,320,240,20,20,9.827400466776453,0.0015969761880114675,-0.005859069991856813,0.0026616270188242197,0.2843928337097168,-9.169217109680176,0.06864655017852783
2025-03-07 02:00:09.607953,320,240,20,20,9.562440454191528,-0.0026616270188242197,-0.003728023264557123,0.0015969761880114675,0.2843928337097168,-9.169217109680176,0.029419949278235435
2025-03-07 02:00:09.647274,320,240,20,20,9.73065796218143,0.0015969761880114675,-0.005859069991856813,0.0010646508308127522,0.2843928337097168,-9.169217109680176,0.04903324693441391
2025-03-07 02:00:09.687078,320,240,20,20,9.706222961020831,0.0,-0.004260348621755838,-0.0015969761880114675,0.2843928337097168,-9.169217109680176,0.06864655017852783
2025-03-07 02:00:09.726454,320,240,20,20,9.74401296281576,0.0015969761880114675,-0.004260348621755838,0.0,0.2843928337097168,-9.169217109680176,0.06864655017852783
2025-03-07 02:00:09.772171,320,240,20,20,9.670352959317096,-0.004260348621755838,-0.005324999336153269,0.0015969761880114675,0.2843928337097168,-9.169217109680176,0.06864655017852783
2025-03-07 02:00:09.812109,320,240,20,20,9.538362953047908,0.0026616270188242197,-0.005324999336153269,0.004792673978954554,0.3040061295032501,-9.169217109680176,0.04903324693441391
2025-03-07 02:00:09.853492,320,240,20,20,9.731135462204112,0.0015969761880114675,-0.005324999336153269,-0.0005323254154063761,0.2843928337097168,-9.169217109680176,0.04903324693441391
2025-03-07 02:00:09.889406,320,240,20,20,9.797662965363998,-0.0021293016616255045,-0.004260348621755838,0.0031956976745277643,0.2843928337097168,-9.169217109680176,0.04903324693441391
2025-03-07 02:00:09.923342,320,240,20,20,9.59218295560422,-0.0005323254154063761,-0.009587093256413937,0.0010646508308127522,0.2843928337097168,-9.169217109680176,0.029419949278235435
2025-03-07 02:00:09.953459,320,240,20,20,9.52009045218001,-0.0026616270188242197,-0.007988371886312962,0.003728023264557123,0.3040061295032501,-9.169217109680176,0.08825984597206116
2025-03-07 02:00:09.993270,320,240,20,20,9.559220454038586,-0.0005323254154063761,-0.006923720706254244,0.0010646508308127522,0.2843928337097168,-9.188830375671387,0.04903324693441391
2025-03-07 02:00:10.035606,320,240,20,20,9.646065458163502,0.0005323254154063761,-0.005859069991856813,0.0021293016616255045,0.2843928337097168,-9.169217109680176,0.04903324693441391
2025-03-07 02:00:10.088121,320,240,20,20,9.669852959293348,-0.0031956976745277643,-0.007988371886312962,0.0031956976745277643,0.3040061295032501,-9.169217109680176,0.04903324693441391
2025-03-07 02:00:10.133967,320,240,20,20,9.843935467561824,0.0,0.0005323254154063761,0.0031956976745277643,0.3040061295032501,-9.169217109680176,0.029419949278235435
2025-03-07 02:00:10.175607,320,240,20,20,9.629382957371126,-0.0005323254154063761,-0.009054767899215221,0.005324999336153269,0.2843928337097168,-9.169217109680176,0.04903324693441391
2025-03-07 02:00:10.208359,320,240,20,20,9.736275462448248,-0.0015969761880114675,-0.005859069991856813,0.0031956976745277643,0.2843928337097168,-9.188830375671387,0.06864655017852783
2025-03-07 02:00:10.238044,320,240,20,20,9.765512963836954,-0.004260348621755838,-0.006391395349055529,0.007456046529114246,0.2843928337097168,-9.169217109680176,0.04903324693441391
2025-03-07 02:00:10.268372,320,240,20,20,9.71442296141031,0.0010646508308127522,-0.0021293016616255045,0.0010646508308127522,0.2843928337097168,-9.169217109680176,0.04903324693441391
2025-03-07 02:00:10.298596,320,240,20,20,9.708097961109889,0.0005323254154063761,-0.0010646508308127522,-0.0026616270188242197,0.3040061295032501,-9.169217109680176,0.04903324693441391
2025-03-07 02:00:10.328328,320,240,20,20,9.757257963444863,-0.0021293016616255045,-0.004260348621755838,-0.0005323254154063761,0.2843928337097168,-9.169217109680176,0.029419949278235435
2025-03-07 02:00:10.366552,320,240,20,20,9.783117964673147,0.0010646508308127522,-0.007456046529114246,0.0031956976745277643,0.3040061295032501,-9.188830375671387,0.04903324693441391
2025-03-07 02:00:10.407213,320,240,20,20,9.72146796174493,0.0005323254154063761,-0.0021293016616255045,0.0026616270188242197,0.3040061295032501,-9.169217109680176,0.029419949278235435
2025-03-07 02:00:10.445088,320,240,20,20,9.600607956004387,-0.0010646508308127522,-0.006923720706254244,0.0021293016616255045,0.2843928337097168,-9.169217109680176,0.04903324693441391
2025-03-07 02:00:10.485370,320,240,20,20,9.853227968003193,0.0,-0.003728023264557123,0.003728023264557123,0.3040061295032501,-9.169217109680176,0.029419949278235435
2025-03-07 02:00:10.525241,320,240,20,20,9.867122968663171,-0.0026616270188242197,-0.005859069991856813,0.0026616270188242197,0.2843928337097168,-9.169217109680176,0.04903324693441391
2025-03-07 02:00:10.565684,320,240,20,20,9.651230458408827,-0.0031956976745277643,-0.0015969761880114675,0.0010646508308127522,0.2843928337097168,-9.149603843688965,0.04903324693441391
2025-03-07 02:00:10.605283,320,240,20,20,9.592087955599709,-0.007456046529114246,-0.004792673978954554,-0.0021293016616255045,0.3040061295032501,-9.169217109680176,0.04903324693441391
2025-03-07 02:00:10.646410,320,240,20,20,9.541520453197881,-0.0005323254154063761,-0.005859069991856813,-0.0010646508308127522,0.2843928337097168,-9.169217109680176,0.029419949278235435
2025-03-07 02:00:10.688411,320,240,20,20,9.740902962668041,-0.0005323254154063761,-0.006391395349055529,0.0010646508308127522,0.2843928337097168,-9.169217109680176,0.04903324693441391
2025-03-07 02:00:10.727931,320,240,20,20,9.628497957329092,0.0,-0.005859069991856813,0.0005323254154063761,0.2843928337097168,-9.188830375671387,0.04903324693441391
2025-03-07 02:00:10.766515,320,240,20,20,9.709907961195858,-0.0015969761880114675,-0.009054767899215221,0.005859069991856813,0.2843928337097168,-9.169217109680176,0.029419949278235435
2025-03-07 02:00:10.805216,320,240,20,20,9.716182961493905,0.0005323254154063761,-0.006391395349055529,0.0010646508308127522,0.3040061295032501,-9.169217109680176,0.029419949278235435
2025-03-07 02:00:10.845257,320,240,20,20,9.712425461315433,-0.003728023264557123,-0.006923720706254244,-0.0010646508308127522,0.2843928337097168,-9.169217109680176,0.04903324693441391
2025-03-07 02:00:10.884975,320,240,20,20,9.77793796442711,-0.004792673978954554,-0.004792673978954554,0.0031956976745277643,0.2843928337097168,-9.169217109680176,0.04903324693441391
2025-03-07 02:00:10.920962,320,240,20,20,9.826375466727768,-0.0010646508308127522,-0.009054767899215221,0.0005323254154063761,0.2843928337097168,-9.169217109680176,0.04903324693441391
2025-03-07 02:00:10.959724,320,240,20,20,9.770822964089167,0.0026616270188242197,-0.004260348621755838,-0.0026616270188242197,0.3040061295032501,-9.188830375671387,0.04903324693441391
2025-03-07 02:00:10.998140,320,240,20,20,9.631972957494146,0.0,-0.007456046529114246,0.003728023264557123,0.2843928337097168,-9.169217109680176,0.04903324693441391
2025-03-07 02:00:11.036792,320,240,20,20,9.578700454963837,-0.0031956976745277643,-0.004792673978954554,-0.0005323254154063761,0.3040061295032501,-9.169217109680176,0.04903324693441391
2025-03-07 02:00:11.077610,320,240,20,20,9.812845466085127,0.0015969761880114675,-0.007988371886312962,-0.0010646508308127522,0.3040061295032501,-9.169217109680176,0.029419949278235435
2025-03-07 02:00:11.118962,320,240,20,20,9.567895454450627,-0.0021293016616255045,-0.0026616270188242197,0.0021293016616255045,0.3040061295032501,-9.169217109680176,0.04903324693441391
2025-03-07 02:00:11.160480,320,240,20,20,9.629020457353908,-0.0026616270188242197,-0.009587093256413937,0.004260348621755838,0.2843928337097168,-9.169217109680176,0.04903324693441391
2025-03-07 02:00:11.195247,320,240,20,20,9.601830456062453,-0.0010646508308127522,-0.006391395349055529,0.006391395349055529,0.2843928337097168,-9.188830375671387,0.029419949278235435
2025-03-07 02:00:11.226253,320,240,20,20,9.826347966726463,-0.0005323254154063761,-0.006391395349055529,0.004260348621755838,0.3040061295032501,-9.188830375671387,0.04903324693441391
2025-03-07 02:00:11.263344,320,240,20,20,9.709907961195858,-0.0015969761880114675,-0.005324999336153269,0.0015969761880114675,0.2843928337097168,-9.169217109680176,0.04903324693441391
2025-03-07 02:00:11.299015,320,240,20,20,9.668827959244663,-0.0005323254154063761,-0.006391395349055529,0.0,0.3040061295032501,-9.169217109680176,0.06864655017852783
2025-03-07 02:00:11.329995,320,240,20,20,9.558410454000114,-0.0015969761880114675,-0.0010646508308127522,0.0010646508308127522,0.3040061295032501,-9.169217109680176,0.029419949278235435
2025-03-07 02:00:11.360677,320,240,20,20,9.652312958460243,-0.0031956976745277643,-0.0015969761880114675,-0.0010646508308127522,0.2843928337097168,-9.169217109680176,0.04903324693441391
2025-03-07 02:00:11.405539,320,240,20,20,9.615860456728843,-0.0026616270188242197,-0.005859069991856813,-0.0005323254154063761,0.2843928337097168,-9.188830375671387,0.04903324693441391
2025-03-07 02:00:11.446372,320,240,20,20,9.74906796305586,-0.0005323254154063761,-0.004792673978954554,-0.0010646508308127522,0.2843928337097168,-9.188830375671387,0.04903324693441391
2025-03-07 02:00:11.487870,320,240,20,20,9.646480458183214,-0.0005323254154063761,-0.004792673978954554,0.0015969761880114675,0.2843928337097168,-9.169217109680176,0.04903324693441391
2025-03-07 02:00:11.528145,320,240,20,20,9.73909796258231,-0.0026616270188242197,-0.005324999336153269,0.0015969761880114675,0.3040061295032501,-9.188830375671387,0.04903324693441391
2025-03-07 02:00:11.566322,320,240,20,20,9.61903045687941,0.0021293016616255045,-0.005859069991856813,-0.0031956976745277643,0.3040061295032501,-9.188830375671387,0.04903324693441391
2025-03-07 02:00:11.605803,320,240,20,20,9.680742959810596,-0.0021293016616255045,-0.004792673978954554,0.003728023264557123,0.3040061295032501,-9.169217109680176,0.04903324693441391
2025-03-07 02:00:11.643611,320,240,20,20,9.655650458618766,0.0026616270188242197,-0.003728023264557123,0.0015969761880114675,0.3040061295032501,-9.188830375671387,0.029419949278235435
2025-03-07 02:00:11.682374,320,240,20,20,9.649862958343874,-0.0026616270188242197,-0.0015969761880114675,0.0015969761880114675,0.3040061295032501,-9.169217109680176,0.04903324693441391
2025-03-07 02:00:11.722053,320,240,20,20,9.613807956631353,-0.005324999336153269,-0.008520697243511677,-0.0015969761880114675,0.2843928337097168,-9.169217109680176,0.04903324693441391
2025-03-07 02:00:11.762666,320,240,20,20,9.701055460775388,-0.004260348621755838,-0.005859069991856813,0.0005323254154063761,0.2843928337097168,-9.188830375671387,0.04903324693441391
2025-03-07 02:00:11.802097,320,240,20,20,9.668205459215097,0.0010646508308127522,-0.007456046529114246,0.003728023264557123,0.2843928337097168,-9.149603843688965,0.04903324693441391
2025-03-07 02:00:11.838023,320,240,20,20,9.702100460825022,-0.0015969761880114675,-0.005859069991856813,0.0021293016616255045,0.2843928337097168,-9.169217109680176,0.04903324693441391
2025-03-07 02:00:11.876875,320,240,20,20,9.666232959121407,0.0015969761880114675,-0.006923720706254244,0.0010646508308127522,0.2843928337097168,-9.169217109680176,0.029419949278235435
2025-03-07 02:00:11.915960,320,240,20,20,9.67062545933004,0.0005323254154063761,-0.011718139983713627,0.0,0.2843928337097168,-9.169217109680176,0.04903324693441391
2025-03-07 02:00:11.954438,320,240,20,20,9.665945459107752,-0.003728023264557123,-0.007456046529114246,-0.0005323254154063761,0.2843928337097168,-9.169217109680176,0.029419949278235435
2025-03-07 02:00:11.992819,320,240,20,20,9.742925462764106,-0.0005323254154063761,-0.0010646508308127522,0.005859069991856813,0.2843928337097168,-9.169217109680176,0.06864655017852783
2025-03-07 02:00:12.030653,320,240,20,20,9.720215461685438,0.0031956976745277643,-0.004792673978954554,0.0031956976745277643,0.2843928337097168,-9.149603843688965,0.029419949278235435
2025-03-07 02:00:12.068718,320,240,20,20,9.542442953241698,-0.0021293016616255045,-0.005859069991856813,0.0010646508308127522,0.2843928337097168,-9.169217109680176,0.04903324693441391
2025-03-07 02:00:12.102638,320,240,20,20,9.550330453616334,0.0,-0.005324999336153269,0.0005323254154063761,0.2843928337097168,-9.169217109680176,0.06864655017852783
2025-03-07 02:00:12.144329,320,240,20,20,9.599957955973514,-0.0031956976745277643,-0.0015969761880114675,0.0021293016616255045,0.2843928337097168,-9.169217109680176,0.06864655017852783
2025-03-07 02:00:12.189517,320,240,20,20,9.60595545625838,0.0,-0.005859069991856813,0.0015969761880114675,0.2843928337097168,-9.169217109680176,0.04903324693441391
2025-03-07 02:00:12.231567,320,240,20,20,9.734595462368452,-0.0026616270188242197,-0.010651743970811367,-0.0005323254154063761,0.2843928337097168,-9.169217109680176,0.04903324693441391
2025-03-07 02:00:12.271228,320,240,20,20,9.631410457467428,0.0021293016616255045,0.0005323254154063761,0.0021293016616255045,0.2843928337097168,-9.169217109680176,0.04903324693441391
2025-03-07 02:00:12.313806,320,240,20,20,9.75975046356325,-0.0005323254154063761,-0.0021293016616255045,0.0005323254154063761,0.2843928337097168,-9.169217109680176,0.04903324693441391
2025-03-07 02:00:12.354185,320,240,20,20,9.894310469954508,-0.0010646508308127522,-0.007456046529114246,0.003728023264557123,0.3040061295032501,-9.188830375671387,0.029419949278235435
2025-03-07 02:00:12.392044,320,240,20,20,9.650630458380329,0.0015969761880114675,-0.007456046529114246,0.0005323254154063761,0.2843928337097168,-9.169217109680176,0.04903324693441391
2025-03-07 02:00:12.428970,320,240,20,20,9.706247961022019,0.0005323254154063761,-0.004792673978954554,0.0005323254154063761,0.2843928337097168,-9.169217109680176,0.06864655017852783
2025-03-07 02:00:12.464715,320,240,20,20,9.706322961025581,0.0010646508308127522,-0.010119418613612652,0.0010646508308127522,0.2843928337097168,-9.169217109680176,0.04903324693441391
2025-03-07 02:00:12.497029,320,240,20,20,9.839435467348085,0.0,-0.007456046529114246,0.005324999336153269,0.2843928337097168,-9.169217109680176,0.04903324693441391
2025-03-07 02:00:12.527186,320,240,20,20,9.64189295796532,-0.0010646508308127522,-0.004260348621755838,0.0031956976745277643,0.3040061295032501,-9.169217109680176,0.029419949278235435
2025-03-07 02:00:12.557674,320,240,20,20,9.677010459633312,0.0015969761880114675,-0.0026616270188242197,-0.0010646508308127522,0.3040061295032501,-9.169217109680176,0.04903324693441391
2025-03-07 02:00:12.587741,320,240,20,20,9.612550456571626,0.0,-0.006923720706254244,0.005859069991856813,0.3040061295032501,-9.169217109680176,0.04903324693441391
2025-03-07 02:00:12.622668,320,240,20,20,9.79912796543358,0.0005323254154063761,-0.012782790698111057,0.0015969761880114675,0.3040061295032501,-9.169217109680176,0.04903324693441391
2025-03-07 02:00:12.654901,320,240,20,20,9.540025453126873,0.0031956976745277643,-0.004792673978954554,-0.0010646508308127522,0.2843928337097168,-9.169217109680176,0.04903324693441391
2025-03-07 02:00:12.691967,320,240,20,20,9.599520455952733,0.0015969761880114675,-0.007988371886312962,0.0015969761880114675,0.2843928337097168,-9.169217109680176,0.04903324693441391
2025-03-07 02:00:12.722226,320,240,20,20,9.70238546083856,0.0015969761880114675,0.0015969761880114675,0.0010646508308127522,0.2843928337097168,-9.169217109680176,0.04903324693441391
2025-03-07 02:00:12.754833,320,240,20,20,9.603252956130017,-0.0026616270188242197,-0.003728023264557123,0.004260348621755838,0.3040061295032501,-9.169217109680176,0.06864655017852783
2025-03-07 02:00:12.789217,320,240,20,20,9.786420464830007,-0.0015969761880114675,-0.009054767899215221,0.004260348621755838,0.3040061295032501,-9.169217109680176,0.029419949278235435
2025-03-07 02:00:12.822554,320,240,20,20,9.742952962765411,0.0010646508308127522,-0.004792673978954554,-0.0005323254154063761,0.2843928337097168,-9.169217109680176,0.029419949278235435
2025-03-07 02:00:12.856670,320,240,20,20,9.675525459562778,-0.0015969761880114675,-0.009054767899215221,0.0005323254154063761,0.2843928337097168,-9.169217109680176,0.04903324693441391
2025-03-07 02:00:12.888151,320,240,20,20,9.676615459614549,-0.0021293016616255045,-0.007456046529114246,0.0031956976745277643,0.2843928337097168,-9.169217109680176,0.06864655017852783
2025-03-07 02:00:12.924668,320,240,20,20,9.7353754624055,-0.0010646508308127522,-0.006391395349055529,0.005324999336153269,0.3040061295032501,-9.169217109680176,0.04903324693441391
2025-03-07 02:00:12.959486,320,240,20,20,9.567395454426878,-0.0010646508308127522,-0.007456046529114246,0.0,0.2843928337097168,-9.188830375671387,0.04903324693441391
2025-03-07 02:00:12.999675,320,240,20,20,9.709660461184104,-0.0026616270188242197,-0.004260348621755838,0.007456046529114246,0.26477953791618347,-9.169217109680176,0.04903324693441391
2025-03-07 02:00:13.039821,320,240,20,20,9.694377960458223,0.0,-0.007988371886312962,0.004260348621755838,0.2843928337097168,-9.149603843688965,0.04903324693441391
2025-03-07 02:00:13.078695,320,240,20,20,9.555085453842185,-0.0031956976745277643,-0.007456046529114246,-0.0015969761880114675,0.3040061295032501,-9.169217109680176,0.04903324693441391
2025-03-07 02:00:13.118865,320,240,20,20,9.95901547302783,0.0,0.0005323254154063761,0.0005323254154063761,0.2843928337097168,-9.169217109680176,0.04903324693441391
2025-03-07 02:00:13.161109,320,240,20,20,9.707125461063697,-0.0005323254154063761,-0.003728023264557123,0.0005323254154063761,0.3040061295032501,-9.169217109680176,0.04903324693441391
2025-03-07 02:00:13.201918,320,240,20,20,9.685005460013054,-0.0010646508308127522,-0.004260348621755838,0.0015969761880114675,0.2843928337097168,-9.169217109680176,0.04903324693441391
2025-03-07 02:00:13.241752,320,240,20,20,9.821995466519729,-0.003728023264557123,-0.007456046529114246,0.0021293016616255045,0.2843928337097168,-9.169217109680176,0.04903324693441391
2025-03-07 02:00:13.280367,320,240,20,20,9.576597954863974,0.0005323254154063761,-0.006391395349055529,0.0015969761880114675,0.2843928337097168,-9.169217109680176,0.04903324693441391
2025-03-07 02:00:13.319880,320,240,20,20,9.923465471339295,0.003728023264557123,-0.006923720706254244,0.0005323254154063761,0.3040061295032501,-9.169217109680176,0.04903324693441391
2025-03-07 02:00:13.357396,320,240,20,20,9.438302948295313,-0.004792673978954554,-0.004260348621755838,0.0015969761880114675,0.3040061295032501,-9.188830375671387,0.029419949278235435
2025-03-07 02:00:13.396686,320,240,20,20,9.7698004640406,-0.004792673978954554,-0.009587093256413937,0.0021293016616255045,0.3040061295032501,-9.188830375671387,0.029419949278235435
2025-03-07 02:00:13.436943,320,240,20,20,9.691545460323686,-0.0005323254154063761,-0.004260348621755838,0.004260348621755838,0.3040061295032501,-9.169217109680176,0.04903324693441391
2025-03-07 02:00:13.476044,320,240,20,20,9.8062929657739,0.0010646508308127522,-0.005859069991856813,0.0005323254154063761,0.2843928337097168,-9.188830375671387,0.04903324693441391
2025-03-07 02:00:13.511315,320,240,20,20,9.715067961440946,-0.0015969761880114675,-0.008520697243511677,0.0,0.3040061295032501,-9.169217109680176,0.06864655017852783
2025-03-07 02:00:13.542568,320,240,20,20,9.735370462405262,0.0015969761880114675,-0.007988371886312962,-0.0005323254154063761,0.3040061295032501,-9.169217109680176,0.04903324693441391
2025-03-07 02:00:13.572678,320,240,20,20,9.604350456182146,-0.004260348621755838,-0.0021293016616255045,0.0015969761880114675,0.2843928337097168,-9.169217109680176,0.04903324693441391
2025-03-07 02:00:13.602176,320,240,20,20,9.657967958728841,-0.0021293016616255045,-0.004260348621755838,0.004260348621755838,0.2843928337097168,-9.169217109680176,0.04903324693441391
2025-03-07 02:00:13.631941,320,240,20,20,9.818175466338289,-0.0021293016616255045,-0.003728023264557123,-0.0010646508308127522,0.2843928337097168,-9.169217109680176,0.06864655017852783
2025-03-07 02:00:13.675316,320,240,20,20,9.668610459234333,-0.004260348621755838,-0.004792673978954554,0.0026616270188242197,0.2843928337097168,-9.169217109680176,0.06864655017852783
2025-03-07 02:00:13.715485,320,240,20,20,9.668332959221152,0.0,-0.005324999336153269,0.006391395349055529,0.3040061295032501,-9.169217109680176,0.06864655017852783
2025-03-07 02:00:13.755934,320,240,20,20,9.583752955203817,0.003728023264557123,-0.005859069991856813,0.0026616270188242197,0.2843928337097168,-9.188830375671387,0.009806649759411812
2025-03-07 02:00:13.796179,320,240,20,20,9.535477952910878,-0.0010646508308127522,-0.003728023264557123,0.0010646508308127522,0.2843928337097168,-9.169217109680176,0.04903324693441391
2025-03-07 02:00:13.833929,320,240,20,20,9.665297959076998,-0.0015969761880114675,-0.005859069991856813,0.004260348621755838,0.2843928337097168,-9.169217109680176,0.04903324693441391
2025-03-07 02:00:13.870508,320,240,20,20,9.763177963726047,-0.003728023264557123,-0.006923720706254244,0.005324999336153269,0.3040061295032501,-9.149603843688965,0.04903324693441391
2025-03-07 02:00:13.906800,320,240,20,20,9.872505468918826,0.003728023264557123,-0.008520697243511677,0.0005323254154063761,0.2843928337097168,-9.169217109680176,0.06864655017852783
2025-03-07 02:00:13.946010,320,240,20,20,9.725890461954986,-0.0005323254154063761,-0.005324999336153269,0.0026616270188242197,0.2843928337097168,-9.169217109680176,0.04903324693441391
2025-03-07 02:00:13.984968,320,240,20,20,9.620437956946262,-0.0021293016616255045,-0.005324999336153269,0.005859069991856813,0.2843928337097168,-9.169217109680176,0.029419949278235435
2025-03-07 02:00:14.023278,320,240,20,20,9.888157969662279,0.004792673978954554,-0.006923720706254244,0.0021293016616255045,0.2843928337097168,-9.149603843688965,0.029419949278235435
2025-03-07 02:00:14.062505,320,240,20,20,9.492415450865519,0.0,-0.005324999336153269,-0.0005323254154063761,0.2843928337097168,-9.188830375671387,0.04903324693441391
2025-03-07 02:00:14.102773,320,240,20,20,9.85142546791758,-0.0021293016616255045,-0.007988371886312962,0.0026616270188242197,0.3040061295032501,-9.169217109680176,0.04903324693441391
2025-03-07 02:00:14.142092,320,240,20,20,9.516872952027189,-0.0015969761880114675,-0.004792673978954554,0.0,0.3040061295032501,-9.169217109680176,0.04903324693441391
2025-03-07 02:00:14.183507,320,240,20,20,9.758730463514803,0.0005323254154063761,-0.005324999336153269,0.003728023264557123,0.2843928337097168,-9.169217109680176,0.04903324693441391
2025-03-07 02:00:14.217620,320,240,20,20,9.574350454757223,0.0,-0.005859069991856813,-0.0015969761880114675,0.2843928337097168,-9.188830375671387,0.06864655017852783
2025-03-07 02:00:14.248112,320,240,20,20,9.498702951164159,-0.003728023264557123,-0.008520697243511677,-0.0015969761880114675,0.2843928337097168,-9.169217109680176,0.029419949278235435
2025-03-07 02:00:14.278925,320,240,20,20,9.701282960786193,-0.0026616270188242197,-0.005859069991856813,0.0026616270188242197,0.3040061295032501,-9.169217109680176,0.04903324693441391
2025-03-07 02:00:14.308813,320,240,20,20,9.633202957552566,-0.0021293016616255045,-0.005324999336153269,0.004792673978954554,0.2843928337097168,-9.188830375671387,0.029419949278235435
2025-03-07 02:00:14.341471,320,240,20,20,9.579102954982954,-0.004260348621755838,-0.0031956976745277643,0.007456046529114246,0.32361945509910583,-9.169217109680176,0.04903324693441391
2025-03-07 02:00:14.371858,320,240,20,20,9.585372955280764,0.0026616270188242197,-0.007456046529114246,0.0,0.2843928337097168,-9.169217109680176,0.04903324693441391
2025-03-07 02:00:14.401941,320,240,20,20,9.628952957350702,0.003728023264557123,-0.007988371886312962,0.0,0.3040061295032501,-9.169217109680176,0.04903324693441391
2025-03-07 02:00:14.431921,320,240,20,20,9.999830474966439,-0.0026616270188242197,-0.004792673978954554,0.0015969761880114675,0.3040061295032501,-9.169217109680176,0.06864655017852783
2025-03-07 02:00:14.461643,320,240,20,20,9.78804546490719,-0.0010646508308127522,-0.005859069991856813,0.0005323254154063761,0.3040061295032501,-9.169217109680176,0.009806649759411812
2025-03-07 02:00:14.491695,320,240,20,20,9.699165460685617,-0.0015969761880114675,-0.003728023264557123,0.0031956976745277643,0.3040061295032501,-9.169217109680176,0.06864655017852783
2025-03-07 02:00:14.522354,320,240,20,20,9.786572964837251,0.0,-0.008520697243511677,0.0021293016616255045,0.2843928337097168,-9.188830375671387,0.029419949278235435
2025-03-07 02:00:14.564095,320,240,20,20,9.678972959726526,-0.0026616270188242197,-0.007456046529114246,0.004792673978954554,0.2843928337097168,-9.169217109680176,0.029419949278235435
2025-03-07 02:00:14.603726,320,240,20,20,9.49959545120655,0.0015969761880114675,-0.0015969761880114675,0.0005323254154063761,0.2843928337097168,-9.169217109680176,0.029419949278235435
2025-03-07 02:00:14.644850,320,240,20,20,9.948997972552025,-0.0010646508308127522,-0.004260348621755838,-0.0010646508308127522,0.3040061295032501,-9.149603843688965,0.04903324693441391
2025-03-07 02:00:14.682379,320,240,20,20,9.74365296279866,-0.0026616270188242197,-0.006391395349055529,-0.0005323254154063761,0.3040061295032501,-9.169217109680176,0.06864655017852783
2025-03-07 02:00:14.724153,320,240,20,20,9.754552963316382,0.0015969761880114675,-0.007456046529114246,-0.0010646508308127522,0.3040061295032501,-9.169217109680176,0.04903324693441391
2025-03-07 02:00:14.766981,320,240,20,20,9.570577954578038,-0.0005323254154063761,-0.006923720706254244,0.004260348621755838,0.3040061295032501,-9.188830375671387,0.029419949278235435
2025-03-07 02:00:14.805059,320,240,20,20,9.790562965026766,-0.0015969761880114675,-0.003728023264557123,0.0,0.2843928337097168,-9.149603843688965,0.04903324693441391
2025-03-07 02:00:14.844130,320,240,20,20,9.822025466521154,-0.0021293016616255045,-0.005324999336153269,0.003728023264557123,0.3040061295032501,-9.188830375671387,0.029419949278235435
2025-03-07 02:00:14.885047,320,240,20,20,9.53915545308555,-0.0010646508308127522,-0.0021293016616255045,-0.0010646508308127522,0.3040061295032501,-9.169217109680176,0.06864655017852783
2025-03-07 02:00:14.922718,320,240,20,20,9.617492956806382,0.0021293016616255045,-0.006923720706254244,0.0021293016616255045,0.2843928337097168,-9.169217109680176,0.06864655017852783
2025-03-07 02:00:14.957992,320,240,20,20,9.714027961391547,0.0005323254154063761,-0.007456046529114246,0.0026616270188242197,0.2843928337097168,-9.149603843688965,0.04903324693441391
2025-03-07 02:00:14.996815,320,240,20,20,9.61471045667422,-0.0015969761880114675,-0.007456046529114246,0.0026616270188242197,0.2843928337097168,-9.169217109680176,0.06864655017852783
2025-03-07 02:00:15.036473,320,240,20,20,9.513455451864866,0.0031956976745277643,-0.006391395349055529,0.0,0.2843928337097168,-9.169217109680176,0.04903324693441391
2025-03-07 02:00:15.074631,320,240,20,20,9.550777953637589,-0.004260348621755838,-0.008520697243511677,0.0021293016616255045,0.2843928337097168,-9.169217109680176,0.06864655017852783
2025-03-07 02:00:15.117126,320,240,20,20,9.747210462967633,-0.0031956976745277643,-0.005859069991856813,0.0031956976745277643,0.2843928337097168,-9.149603843688965,0.06864655017852783
2025-03-07 02:00:15.166759,320,240,20,20,9.921012971222808,-0.0031956976745277643,-0.005324999336153269,0.0031956976745277643,0.3040061295032501,-9.169217109680176,0.029419949278235435
2025-03-07 02:00:15.215196,320,240,20,20,9.687985460154596,0.0021293016616255045,-0.003728023264557123,0.0021293016616255045,0.2843928337097168,-9.169217109680176,0.04903324693441391
2025-03-07 02:00:15.261342,320,240,20,20,9.63084795744071,-0.004260348621755838,-0.005859069991856813,0.0005323254154063761,0.2843928337097168,-9.169217109680176,0.029419949278235435
2025-03-07 02:00:15.305002,320,240,20,20,9.887182969615969,-0.0015969761880114675,-0.011718139983713627,0.004260348621755838,0.2843928337097168,-9.169217109680176,0.04903324693441391
2025-03-07 02:00:15.345943,320,240,20,20,9.658787958767789,-0.0005323254154063761,-0.0015969761880114675,0.0026616270188242197,0.3040061295032501,-9.169217109680176,0.04903324693441391
2025-03-07 02:00:15.390016,320,240,20,20,9.649952958348148,0.0005323254154063761,-0.006923720706254244,0.0015969761880114675,0.2843928337097168,-9.169217109680176,0.04903324693441391
2025-03-07 02:00:15.427616,320,240,20,20,9.778400464449078,-0.0031956976745277643,-0.004260348621755838,0.0015969761880114675,0.2843928337097168,-9.188830375671387,0.029419949278235435
2025-03-07 02:00:15.465675,320,240,20,20,9.946260472422,-0.0015969761880114675,-0.005859069991856813,0.0031956976745277643,0.3040061295032501,-9.149603843688965,0.04903324693441391
2025-03-07 02:00:15.503398,320,240,20,20,9.502985451367568,0.0,-0.004260348621755838,0.0026616270188242197,0.3040061295032501,-9.169217109680176,0.029419949278235435
2025-03-07 02:00:15.541065,320,240,20,20,9.792015465095755,-0.0010646508308127522,-0.006391395349055529,0.004260348621755838,0.2843928337097168,-9.169217109680176,0.029419949278235435
2025-03-07 02:00:15.579362,320,240,20,20,9.702752960856014,-0.0005323254154063761,-0.007456046529114246,0.0,0.2843928337097168,-9.169217109680176,0.029419949278235435
2025-03-07 02:00:15.622488,320,240,20,20,9.859310468292097,-0.0010646508308127522,-0.005324999336153269,0.0021293016616255045,0.2843928337097168,-9.169217109680176,0.04903324693441391
2025-03-07 02:00:15.670106,320,240,20,20,9.805155465719873,-0.0021293016616255045,-0.007456046529114246,0.0015969761880114675,0.3040061295032501,-9.169217109680176,0.04903324693441391
2025-03-07 02:00:15.712873,320,240,20,20,9.704042960917286,0.0,-0.006391395349055529,0.003728023264557123,0.2843928337097168,-9.169217109680176,0.06864655017852783
2025-03-07 02:00:15.755972,320,240,20,20,9.608217956365843,0.0,-0.009054767899215221,0.0021293016616255045,0.2843928337097168,-9.169217109680176,0.04903324693441391
2025-03-07 02:00:15.799418,320,240,20,20,9.616312956750335,0.0,-0.008520697243511677,0.004260348621755838,0.3040061295032501,-9.169217109680176,0.04903324693441391
2025-03-07 02:00:15.838418,320,240,20,20,9.61120795650786,0.0,-0.010119418613612652,0.0031956976745277643,0.2843928337097168,-9.188830375671387,0.06864655017852783
2025-03-07 02:00:15.878390,320,240,20,20,9.433610448072432,-0.0021293016616255045,-0.005859069991856813,0.003728023264557123,0.3040061295032501,-9.169217109680176,0.04903324693441391
2025-03-07 02:00:15.916784,320,240,20,20,9.637027957734244,0.0005323254154063761,-0.0026616270188242197,0.0026616270188242197,0.3040061295032501,-9.169217109680176,0.029419949278235435
2025-03-07 02:00:15.958802,320,240,20,20,9.597285455846578,0.0,-0.006391395349055529,0.0021293016616255045,0.2843928337097168,-9.188830375671387,0.04903324693441391
2025-03-07 02:00:15.995546,320,240,20,20,9.823650466598338,0.0,-0.009054767899215221,0.0021293016616255045,0.3040061295032501,-9.169217109680176,0.029419949278235435
2025-03-07 02:00:16.035145,320,240,20,20,9.710497961223883,-0.0021293016616255045,-0.006391395349055529,-0.0010646508308127522,0.2843928337097168,-9.169217109680176,0.029419949278235435
2025-03-07 02:00:16.072545,320,240,20,20,9.730512962174544,-0.0021293016616255045,-0.0026616270188242197,0.0005323254154063761,0.3040061295032501,-9.169217109680176,0.04903324693441391
2025-03-07 02:00:16.110320,320,240,20,20,9.662305458934862,-0.003728023264557123,-0.008520697243511677,-0.0031956976745277643,0.2843928337097168,-9.169217109680176,0.06864655017852783
