2025-03-07 02:20:17.270851,320,240,20,20,2.9417526397257463,-0.005859069991856813,-0.004260348621755838,0.0010646508308127522,0.3040061295032501,-9.169217109680176,0.08825984597206116
2025-03-07 02:20:17.327090,320,240,20,20,4.878607731721422,0.0021293016616255045,-0.0026616270188242197,0.004260348621755838,0.2843928337097168,-9.169217109680176,0.0
2025-03-07 02:20:17.389006,320,240,20,20,4.837657729776401,0.0026616270188242197,-0.009587093256413937,0.0010646508308127522,0.3040061295032501,-9.149603843688965,0.08825984597206116
2025-03-07 02:20:17.446996,320,240,20,20,4.885722732059366,-0.0015969761880114675,-0.007988371886312962,0.0021293016616255045,0.3040061295032501,-9.149603843688965,0.16671304404735565
2025-03-07 02:20:17.483699,320,240,20,20,4.862410230952082,-0.005324999336153269,-0.0021293016616255045,0.0031956976745277643,0.2843928337097168,-9.169217109680176,0.04903324693441391
2025-03-07 02:20:17.514334,320,240,20,20,4.886580232100096,0.0005323254154063761,-0.006391395349055529,0.0021293016616255045,0.3040061295032501,-9.169217109680176,0.029419949278235435
2025-03-07 02:20:17.548036,320,240,20,20,4.865957731120579,0.0031956976745277643,-0.005859069991856813,0.0010646508308127522,0.2843928337097168,-9.169217109680176,0.08825984597206116
2025-03-07 02:20:17.590330,320,240,20,20,4.883842731970072,0.0005323254154063761,-0.005859069991856813,0.0005323254154063761,0.3040061295032501,-9.169217109680176,0.127486452460289
2025-03-07 02:20:17.629872,320,240,20,20,4.890557732289016,-0.004792673978954554,-0.006391395349055529,-0.0015969761880114675,0.3040061295032501,-9.169217109680176,0.14709974825382233
2025-03-07 02:20:17.665148,320,240,20,20,4.814377728670661,-0.004260348621755838,-0.004792673978954554,0.0021293016616255045,0.3040061295032501,-9.169217109680176,0.06864655017852783
2025-03-07 02:20:17.695701,320,240,20,20,4.863580231007655,-0.004792673978954554,-0.005859069991856813,0.003728023264557123,0.2843928337097168,-9.169217109680176,0.009806649759411812
2025-03-07 02:20:17.725030,320,240,20,20,4.881827731874364,0.0031956976745277643,-0.006391395349055529,0.0031956976745277643,0.2843928337097168,-9.169217109680176,0.009806649759411812
2025-03-07 02:20:17.754583,320,240,20,20,4.835635229680338,0.0021293016616255045,-0.006923720706254244,-0.0021293016616255045,0.3040061295032501,-9.188830375671387,0.06864655017852783
2025-03-07 02:20:17.792059,320,240,20,20,4.8768027316356894,-0.003728023264557123,-0.007988371886312962,0.0015969761880114675,0.3040061295032501,-9.169217109680176,0.14709974825382233
2025-03-07 02:20:17.830042,320,240,20,20,4.885035232026712,-0.004792673978954554,-0.006391395349055529,0.004260348621755838,0.2843928337097168,-9.149603843688965,0.14709974825382233
2025-03-07 02:20:17.868995,320,240,20,20,4.864845231067738,-0.0031956976745277643,-0.006391395349055529,0.0,0.3040061295032501,-9.169217109680176,0.08825984597206116
2025-03-07 02:20:17.903742,320,240,20,20,4.841240229946561,-0.0015969761880114675,-0.006391395349055529,0.0015969761880114675,0.2843928337097168,-9.149603843688965,0.06864655017852783
2025-03-07 02:20:17.936140,320,240,20,20,4.887337732136075,0.0031956976745277643,-0.003728023264557123,0.0,0.3040061295032501,-9.169217109680176,0.04903324693441391
2025-03-07 02:20:17.965575,320,240,20,20,4.887005232120282,0.0005323254154063761,-0.009587093256413937,0.0015969761880114675,0.3040061295032501,-9.169217109680176,0.10787314921617508
2025-03-07 02:20:17.994250,320,240,20,20,4.906767733058951,-0.0010646508308127522,-0.003728023264557123,0.003728023264557123,0.3040061295032501,-9.169217109680176,0.18632633984088898
2025-03-07 02:20:18.023963,320,240,20,20,4.866277731135779,-0.0021293016616255045,-0.0026616270188242197,0.0031956976745277643,0.3040061295032501,-9.169217109680176,0.14709974825382233
2025-03-07 02:20:18.053585,320,240,20,20,4.856635230677784,-0.0026616270188242197,-0.011184069328010082,0.0021293016616255045,0.2843928337097168,-9.169217109680176,0.06864655017852783
2025-03-07 02:20:18.082100,320,240,20,20,4.8531177305107125,-0.0015969761880114675,-0.010119418613612652,0.003728023264557123,0.2843928337097168,-9.169217109680176,0.009806649759411812
2025-03-07 02:20:18.110971,320,240,20,20,4.857965230740956,-0.0005323254154063761,-0.003728023264557123,0.003728023264557123,0.3040061295032501,-9.169217109680176,0.04903324693441391
2025-03-07 02:20:18.140343,320,240,20,20,4.847295230234158,0.003728023264557123,-0.003728023264557123,0.004792673978954554,0.3040061295032501,-9.169217109680176,0.10787314921617508
2025-03-07 02:20:18.177269,320,240,20,20,4.855057730602857,-0.0005323254154063761,-0.009587093256413937,0.0031956976745277643,0.3040061295032501,-9.169217109680176,0.16671304404735565
2025-03-07 02:20:18.209309,320,240,20,20,4.8598152308288265,0.0015969761880114675,-0.007988371886312962,0.0026616270188242197,0.3040061295032501,-9.169217109680176,0.127486452460289
2025-03-07 02:20:18.244720,320,240,20,20,4.852210230467608,-0.0026616270188242197,-0.003728023264557123,0.003728023264557123,0.3040061295032501,-9.169217109680176,0.10787314921617508
2025-03-07 02:20:18.274353,320,240,20,20,4.839397729859047,0.0005323254154063761,-0.004792673978954554,0.0021293016616255045,0.3040061295032501,-9.188830375671387,0.009806649759411812
2025-03-07 02:20:18.312625,320,240,20,20,4.87421523151279,0.0,-0.005324999336153269,0.005324999336153269,0.3040061295032501,-9.169217109680176,0.029419949278235435
2025-03-07 02:20:18.358078,320,240,20,20,4.894350232469151,0.0026616270188242197,-0.007456046529114246,0.0,0.3040061295032501,-9.169217109680176,0.14709974825382233
2025-03-07 02:20:18.401007,320,240,20,20,4.869780231302139,-0.0010646508308127522,-0.006923720706254244,0.0031956976745277643,0.2843928337097168,-9.169217109680176,0.14709974825382233
2025-03-07 02:20:18.446384,320,240,20,20,4.859152730797359,-0.0015969761880114675,-0.0031956976745277643,0.004260348621755838,0.3040061295032501,-9.169217109680176,0.127486452460289
2025-03-07 02:20:18.506024,320,240,20,20,4.861265230897698,-0.0010646508308127522,-0.009054767899215221,0.003728023264557123,0.2843928337097168,-9.169217109680176,0.04903324693441391
2025-03-07 02:20:18.566177,320,240,20,20,4.853295230519143,0.0031956976745277643,-0.003728023264557123,0.0031956976745277643,0.2843928337097168,-9.169217109680176,0.06864655017852783
2025-03-07 02:20:18.623247,320,240,20,20,4.876632731627614,-0.0005323254154063761,-0.004792673978954554,0.0015969761880114675,0.2843928337097168,-9.169217109680176,0.16671304404735565
2025-03-07 02:20:18.681883,320,240,20,20,4.831157729467668,-0.004260348621755838,-0.006923720706254244,0.003728023264557123,0.2843928337097168,-9.169217109680176,0.04903324693441391
2025-03-07 02:20:18.743078,320,240,20,20,4.85592773064418,-0.0005323254154063761,-0.0005323254154063761,0.0005323254154063761,0.2843928337097168,-9.169217109680176,0.08825984597206116
2025-03-07 02:20:18.804675,320,240,20,20,4.8984402326634156,-0.0021293016616255045,-0.005859069991856813,-0.0005323254154063761,0.2843928337097168,-9.169217109680176,0.14709974825382233
2025-03-07 02:20:18.866722,320,240,20,20,4.848000230267644,-0.005324999336153269,-0.010651743970811367,0.004260348621755838,0.2843928337097168,-9.149603843688965,0.10787314921617508
2025-03-07 02:20:18.921893,320,240,20,20,4.8232727290931505,0.0005323254154063761,-0.005859069991856813,-0.0015969761880114675,0.3040061295032501,-9.169217109680176,0.009806649759411812
2025-03-07 02:20:18.959049,320,240,20,20,4.882377731900488,0.0005323254154063761,-0.007456046529114246,0.0026616270188242197,0.3040061295032501,-9.149603843688965,0.08825984597206116
2025-03-07 02:20:18.989211,320,240,20,20,4.895662732531491,0.0005323254154063761,-0.005859069991856813,-0.0021293016616255045,0.3040061295032501,-9.188830375671387,0.14709974825382233
2025-03-07 02:20:19.017979,320,240,20,20,4.831535229485598,-0.004792673978954554,-0.004260348621755838,-0.0005323254154063761,0.3040061295032501,-9.169217109680176,0.10787314921617508
2025-03-07 02:20:19.058363,320,240,20,20,4.879872731781506,0.004260348621755838,-0.0010646508308127522,0.0031956976745277643,0.3040061295032501,-9.169217109680176,0.04903324693441391
2025-03-07 02:20:19.118505,320,240,20,20,4.86426523104019,-0.0031956976745277643,-0.006923720706254244,0.007456046529114246,0.3040061295032501,-9.169217109680176,0.029419949278235435
2025-03-07 02:20:19.181031,320,240,20,20,4.8488177303064735,-0.0005323254154063761,-0.004260348621755838,0.003728023264557123,0.2843928337097168,-9.169217109680176,0.127486452460289
2025-03-07 02:20:19.242730,320,240,20,20,4.847500230243895,-0.0026616270188242197,-0.007988371886312962,0.0031956976745277643,0.3040061295032501,-9.169217109680176,0.14709974825382233
2025-03-07 02:20:19.290624,320,240,20,20,4.861887730927265,0.0005323254154063761,-0.004792673978954554,0.0005323254154063761,0.2843928337097168,-9.169217109680176,0.009806649759411812
2025-03-07 02:20:19.334281,320,240,20,20,4.853395230523892,0.005324999336153269,-0.007456046529114246,-0.0010646508308127522,0.3040061295032501,-9.188830375671387,0.08825984597206116
2025-03-07 02:20:19.376080,320,240,20,20,4.8835452319559405,-0.005859069991856813,-0.004260348621755838,-0.0015969761880114675,0.2843928337097168,-9.169217109680176,0.14709974825382233
2025-03-07 02:20:19.411524,320,240,20,20,4.883172731938248,-0.0031956976745277643,-0.006923720706254244,0.0010646508308127522,0.2843928337097168,-9.169217109680176,0.14709974825382233
2025-03-07 02:20:19.443127,320,240,20,20,4.854542730578396,-0.005324999336153269,-0.007456046529114246,0.005324999336153269,0.3040061295032501,-9.169217109680176,0.04903324693441391
2025-03-07 02:20:19.476439,320,240,20,20,4.9407077346710135,0.005324999336153269,-0.0026616270188242197,0.0015969761880114675,0.2843928337097168,-9.188830375671387,0.04903324693441391
2025-03-07 02:20:19.512458,320,240,20,20,4.85001773036347,0.003728023264557123,-0.005859069991856813,0.0015969761880114675,0.2843928337097168,-9.169217109680176,0.06864655017852783
2025-03-07 02:20:19.542366,320,240,20,20,4.871155231367448,-0.0010646508308127522,-0.004260348621755838,0.006391395349055529,0.3040061295032501,-9.169217109680176,0.127486452460289
2025-03-07 02:20:19.577699,320,240,20,20,4.854552730578871,-0.003728023264557123,-0.009587093256413937,0.003728023264557123,0.2843928337097168,-9.188830375671387,0.127486452460289
2025-03-07 02:20:19.609127,320,240,20,20,4.879365231757402,0.0005323254154063761,-0.008520697243511677,0.0005323254154063761,0.2843928337097168,-9.188830375671387,0.10787314921617508
2025-03-07 02:20:19.649667,320,240,20,20,4.88695023211767,-0.0010646508308127522,-0.006923720706254244,0.0010646508308127522,0.2843928337097168,-9.169217109680176,0.029419949278235435
2025-03-07 02:20:19.691416,320,240,20,20,4.875470231572399,0.0031956976745277643,-0.004792673978954554,0.0,0.3040061295032501,-9.169217109680176,0.04903324693441391
2025-03-07 02:20:19.733787,320,240,20,20,4.836325229713111,0.0015969761880114675,-0.0031956976745277643,0.0,0.2843928337097168,-9.188830375671387,0.10787314921617508
2025-03-07 02:20:19.773663,320,240,20,20,4.8972777326082,-0.0015969761880114675,-0.008520697243511677,-0.0010646508308127522,0.3040061295032501,-9.149603843688965,0.14709974825382233
2025-03-07 02:20:19.809784,320,240,20,20,4.846570230199722,-0.0015969761880114675,-0.007456046529114246,0.003728023264557123,0.3040061295032501,-9.169217109680176,0.127486452460289
2025-03-07 02:20:19.846737,320,240,20,20,4.858035230744281,-0.005859069991856813,-0.0031956976745277643,0.0031956976745277643,0.2843928337097168,-9.169217109680176,0.08825984597206116
2025-03-07 02:20:19.889566,320,240,20,20,4.848315230282606,0.006923720706254244,-0.0005323254154063761,-0.0005323254154063761,0.2843928337097168,-9.169217109680176,0.04903324693441391
2025-03-07 02:20:19.927901,320,240,20,20,4.860752730873355,-0.004792673978954554,-0.003728023264557123,0.0026616270188242197,0.3040061295032501,-9.169217109680176,0.08825984597206116
2025-03-07 02:20:19.965837,320,240,20,20,4.8677877312075,0.0005323254154063761,-0.005324999336153269,0.0005323254154063761,0.2843928337097168,-9.188830375671387,0.127486452460289
2025-03-07 02:20:20.003217,320,240,20,20,4.883655231961166,-0.0010646508308127522,-0.005324999336153269,-0.0005323254154063761,0.2843928337097168,-9.169217109680176,0.14709974825382233
2025-03-07 02:20:20.040306,320,240,20,20,4.883982731976721,-0.0031956976745277643,-0.005859069991856813,0.0,0.2843928337097168,-9.169217109680176,0.06864655017852783
2025-03-07 02:20:20.077016,320,240,20,20,4.879805231778301,-0.0015969761880114675,-0.007988371886312962,0.0031956976745277643,0.3040061295032501,-9.169217109680176,0.009806649759411812
2025-03-07 02:20:20.112855,320,240,20,20,4.804215228187968,0.0005323254154063761,-0.005859069991856813,0.0021293016616255045,0.2843928337097168,-9.188830375671387,0.04903324693441391
2025-03-07 02:20:20.149143,320,240,20,20,4.842677730014839,0.004792673978954554,-0.005324999336153269,-0.0010646508308127522,0.3040061295032501,-9.169217109680176,0.14709974825382233
2025-03-07 02:20:20.188030,320,240,20,20,4.845280230138451,-0.005324999336153269,-0.004260348621755838,0.0,0.2843928337097168,-9.169217109680176,0.127486452460289
2025-03-07 02:20:20.228671,320,240,20,20,4.871695231393096,-0.0005323254154063761,-0.005859069991856813,-0.0005323254154063761,0.3040061295032501,-9.169217109680176,0.08825984597206116
2025-03-07 02:20:20.265720,320,240,20,20,4.897190232604044,0.0,-0.009054767899215221,0.0005323254154063761,0.3040061295032501,-9.188830375671387,0.029419949278235435
2025-03-07 02:20:20.302418,320,240,20,20,4.824595229155966,-0.0015969761880114675,-0.007988371886312962,0.0005323254154063761,0.2843928337097168,-9.169217109680176,0.04903324693441391
2025-03-07 02:20:20.339213,320,240,20,20,4.818342728858989,0.003728023264557123,-0.007456046529114246,0.0031956976745277643,0.2843928337097168,-9.169217109680176,0.08825984597206116
2025-03-07 02:20:20.375451,320,240,20,20,4.8480477302699,-0.0026616270188242197,-0.0021293016616255045,0.0021293016616255045,0.3040061295032501,-9.169217109680176,0.14709974825382233
2025-03-07 02:20:20.414779,320,240,20,20,4.878050231694942,-0.004260348621755838,-0.006923720706254244,-0.0015969761880114675,0.2843928337097168,-9.188830375671387,0.08825984597206116
2025-03-07 02:20:20.456462,320,240,20,20,4.870375231330399,-0.0015969761880114675,-0.0031956976745277643,0.003728023264557123,0.2843928337097168,-9.169217109680176,0.04903324693441391
2025-03-07 02:20:20.496762,320,240,20,20,4.887097732124675,-0.005324999336153269,-0.010651743970811367,0.0015969761880114675,0.2843928337097168,-9.169217109680176,0.06864655017852783
2025-03-07 02:20:20.536830,320,240,20,20,4.864925231071538,0.0021293016616255045,-0.005324999336153269,0.003728023264557123,0.2843928337097168,-9.169217109680176,0.10787314921617508
2025-03-07 02:20:20.573063,320,240,20,20,4.871505231384072,-0.0010646508308127522,-0.009587093256413937,0.004792673978954554,0.3040061295032501,-9.169217109680176,0.14709974825382233
2025-03-07 02:20:20.609668,320,240,20,20,4.881850231875433,-0.0031956976745277643,-0.010119418613612652,-0.0010646508308127522,0.3040061295032501,-9.169217109680176,0.127486452460289
2025-03-07 02:20:20.649184,320,240,20,20,4.845875230166712,-0.0005323254154063761,-0.003728023264557123,0.003728023264557123,0.2843928337097168,-9.169217109680176,0.06864655017852783
2025-03-07 02:20:20.694016,320,240,20,20,4.853822730544198,0.0031956976745277643,-0.009054767899215221,0.0021293016616255045,0.3040061295032501,-9.169217109680176,0.04903324693441391
2025-03-07 02:20:20.733873,320,240,20,20,4.899337732706044,0.0010646508308127522,-0.004792673978954554,0.0021293016616255045,0.2843928337097168,-9.169217109680176,0.127486452460289
2025-03-07 02:20:20.771401,320,240,20,20,4.864810231066076,0.0,-0.006391395349055529,0.0021293016616255045,0.3040061295032501,-9.169217109680176,0.14709974825382233
2025-03-07 02:20:20.807736,320,240,20,20,4.862082730936526,-0.0010646508308127522,-0.006923720706254244,0.0026616270188242197,0.3040061295032501,-9.188830375671387,0.10787314921617508
2025-03-07 02:20:20.844732,320,240,20,20,4.840675229919725,-0.0005323254154063761,-0.005324999336153269,0.0010646508308127522,0.2843928337097168,-9.169217109680176,0.06864655017852783
2025-03-07 02:20:20.880804,320,240,20,20,4.901005232785247,0.003728023264557123,-0.005859069991856813,0.005859069991856813,0.2843928337097168,-9.169217109680176,0.06864655017852783
2025-03-07 02:20:20.922243,320,240,20,20,4.8447377301126835,0.0005323254154063761,-0.0026616270188242197,0.0015969761880114675,0.3040061295032501,-9.169217109680176,0.10787314921617508
2025-03-07 02:20:20.958590,320,240,20,20,4.864835231067263,0.0015969761880114675,-0.008520697243511677,0.0010646508308127522,0.3040061295032501,-9.188830375671387,0.14709974825382233
2025-03-07 02:20:20.994945,320,240,20,20,4.860632730867655,-0.004260348621755838,-0.006923720706254244,0.0005323254154063761,0.3040061295032501,-9.149603843688965,0.127486452460289
2025-03-07 02:20:21.032427,320,240,20,20,4.853992730552273,-0.0021293016616255045,-0.006923720706254244,0.0015969761880114675,0.2843928337097168,-9.169217109680176,0.08825984597206116
2025-03-07 02:20:21.069565,320,240,20,20,4.881450231856434,0.0,-0.006923720706254244,0.0015969761880114675,0.2843928337097168,-9.188830375671387,0.04903324693441391
2025-03-07 02:20:21.106212,320,240,20,20,4.839127729846223,0.0015969761880114675,-0.008520697243511677,0.004260348621755838,0.3040061295032501,-9.169217109680176,0.06864655017852783
2025-03-07 02:20:21.137866,320,240,20,20,4.8800052317878,0.003728023264557123,-0.005859069991856813,0.0031956976745277643,0.2843928337097168,-9.169217109680176,0.14709974825382233
2025-03-07 02:20:21.174051,320,240,20,20,4.892930232401705,-0.0026616270188242197,-0.0015969761880114675,-0.0010646508308127522,0.3040061295032501,-9.169217109680176,0.127486452460289
2025-03-07 02:20:21.212412,320,240,20,20,4.877630231674994,-0.004792673978954554,-0.008520697243511677,0.0026616270188242197,0.3040061295032501,-9.169217109680176,0.08825984597206116
2025-03-07 02:20:21.248053,320,240,20,20,4.876990231644595,-0.003728023264557123,-0.0026616270188242197,0.005324999336153269,0.3040061295032501,-9.149603843688965,0.04903324693441391
2025-03-07 02:20:21.283142,320,240,20,20,4.881837731874839,-0.0005323254154063761,-0.009587093256413937,0.005324999336153269,0.2843928337097168,-9.169217109680176,0.08825984597206116
2025-03-07 02:20:21.316131,320,240,20,20,4.868170231225667,-0.0010646508308127522,0.0021293016616255045,0.003728023264557123,0.3040061295032501,-9.169217109680176,0.10787314921617508
2025-03-07 02:20:21.344922,320,240,20,20,4.8490802303189415,-0.0026616270188242197,-0.007988371886312962,0.0010646508308127522,0.2843928337097168,-9.169217109680176,0.14709974825382233
2025-03-07 02:20:21.375340,320,240,20,20,4.853050230507506,0.0005323254154063761,-0.005859069991856813,0.0015969761880114675,0.3040061295032501,-9.188830375671387,0.10787314921617508
2025-03-07 02:20:21.415248,320,240,20,20,4.888717732201622,-0.003728023264557123,-0.005324999336153269,-0.0031956976745277643,0.3040061295032501,-9.149603843688965,0.06864655017852783
2025-03-07 02:20:21.444329,320,240,20,20,4.886540232098196,-0.0010646508308127522,-0.0021293016616255045,0.003728023264557123,0.3040061295032501,-9.188830375671387,0.04903324693441391
2025-03-07 02:20:21.475237,320,240,20,20,4.850545230388525,0.0010646508308127522,-0.006391395349055529,0.0,0.3040061295032501,-9.169217109680176,0.10787314921617508
2025-03-07 02:20:21.513965,320,240,20,20,4.883912731973396,0.0010646508308127522,-0.005859069991856813,0.0,0.3040061295032501,-9.169217109680176,0.127486452460289
2025-03-07 02:20:21.543471,320,240,20,20,4.892157732365012,-0.0005323254154063761,-0.008520697243511677,0.004792673978954554,0.2843928337097168,-9.149603843688965,0.127486452460289
2025-03-07 02:20:21.577030,320,240,20,20,4.841047729937418,-0.003728023264557123,-0.004792673978954554,0.0015969761880114675,0.3040061295032501,-9.169217109680176,0.08825984597206116
2025-03-07 02:20:21.614889,320,240,20,20,4.878270231705391,-0.004260348621755838,-0.004792673978954554,0.0010646508308127522,0.2843928337097168,-9.169217109680176,0.06864655017852783
2025-03-07 02:20:21.653535,320,240,20,20,4.848947730312648,-0.0005323254154063761,-0.0026616270188242197,0.0031956976745277643,0.2843928337097168,-9.169217109680176,0.04903324693441391
2025-03-07 02:20:21.696467,320,240,20,20,4.867370231187669,0.0005323254154063761,-0.009054767899215221,0.0010646508308127522,0.3040061295032501,-9.188830375671387,0.06864655017852783
2025-03-07 02:20:21.739021,320,240,20,20,4.912180233316031,-0.0010646508308127522,-0.004260348621755838,0.0010646508308127522,0.2843928337097168,-9.149603843688965,0.127486452460289
2025-03-07 02:20:21.780517,320,240,20,20,4.893667732436734,-0.005324999336153269,-0.004792673978954554,0.003728023264557123,0.3040061295032501,-9.169217109680176,0.127486452460289
2025-03-07 02:20:21.818519,320,240,20,20,4.865270231087925,-0.0010646508308127522,-0.004792673978954554,0.0015969761880114675,0.3040061295032501,-9.169217109680176,0.04903324693441391
2025-03-07 02:20:21.860351,320,240,20,20,4.902317732847587,0.0026616270188242197,-0.009587093256413937,0.003728023264557123,0.3040061295032501,-9.169217109680176,0.04903324693441391
2025-03-07 02:20:21.900723,320,240,20,20,4.881632731865102,0.0026616270188242197,-0.007988371886312962,0.004260348621755838,0.2843928337097168,-9.169217109680176,0.08825984597206116
2025-03-07 02:20:21.941793,320,240,20,20,4.892870232398854,0.0015969761880114675,-0.010119418613612652,0.0026616270188242197,0.3040061295032501,-9.169217109680176,0.127486452460289
2025-03-07 02:20:21.981226,320,240,20,20,4.866390231141122,-0.005859069991856813,-0.006923720706254244,0.0005323254154063761,0.3040061295032501,-9.169217109680176,0.14709974825382233
2025-03-07 02:20:22.021947,320,240,20,20,4.84719273022929,0.0005323254154063761,-0.004792673978954554,0.0,0.3040061295032501,-9.169217109680176,0.04903324693441391
2025-03-07 02:20:22.059864,320,240,20,20,4.8723702314251565,0.0005323254154063761,-0.007988371886312962,0.0026616270188242197,0.2843928337097168,-9.169217109680176,0.04903324693441391
2025-03-07 02:20:22.098195,320,240,20,20,4.858457730764348,0.0031956976745277643,-0.004260348621755838,-0.0015969761880114675,0.2843928337097168,-9.169217109680176,0.08825984597206116
2025-03-07 02:20:22.136823,320,240,20,20,4.878005231692805,0.0010646508308127522,-0.004260348621755838,0.0010646508308127522,0.2843928337097168,-9.169217109680176,0.127486452460289
2025-03-07 02:20:22.174533,320,240,20,20,4.89753523262043,-0.004260348621755838,-0.007988371886312962,0.0021293016616255045,0.3040061295032501,-9.169217109680176,0.10787314921617508
2025-03-07 02:20:22.211220,320,240,20,20,4.883815231968765,0.0005323254154063761,-0.006391395349055529,0.0021293016616255045,0.3040061295032501,-9.169217109680176,0.08825984597206116
2025-03-07 02:20:22.248430,320,240,20,20,4.8428277300219635,-0.0021293016616255045,-0.008520697243511677,0.007988371886312962,0.3040061295032501,-9.149603843688965,0.04903324693441391
2025-03-07 02:20:22.286210,320,240,20,20,4.86559773110348,0.0026616270188242197,-0.007456046529114246,0.0031956976745277643,0.3040061295032501,-9.169217109680176,0.06864655017852783
2025-03-07 02:20:22.322397,320,240,20,20,4.846975230218959,-0.0010646508308127522,-0.005859069991856813,0.003728023264557123,0.3040061295032501,-9.169217109680176,0.10787314921617508
2025-03-07 02:20:22.359629,320,240,20,20,4.927507734044047,-0.0031956976745277643,-0.0005323254154063761,0.0010646508308127522,0.2843928337097168,-9.149603843688965,0.10787314921617508
2025-03-07 02:20:22.391670,320,240,20,20,4.8590177307909475,0.0005323254154063761,-0.0021293016616255045,0.0026616270188242197,0.3040061295032501,-9.169217109680176,0.06864655017852783
2025-03-07 02:20:22.421177,320,240,20,20,4.866040231124498,0.0026616270188242197,-0.007988371886312962,0.004260348621755838,0.2843928337097168,-9.169217109680176,0.04903324693441391
2025-03-07 02:20:22.450370,320,240,20,20,4.875680231582374,-0.0031956976745277643,-0.008520697243511677,0.003728023264557123,0.3040061295032501,-9.169217109680176,0.06864655017852783
2025-03-07 02:20:22.479409,320,240,20,20,4.839130229846342,-0.0005323254154063761,-0.006923720706254244,0.0015969761880114675,0.3040061295032501,-9.169217109680176,0.10787314921617508
2025-03-07 02:20:22.509015,320,240,20,20,4.871562731386803,-0.0021293016616255045,-0.005859069991856813,0.0021293016616255045,0.2843928337097168,-9.169217109680176,0.127486452460289
2025-03-07 02:20:22.547089,320,240,20,20,4.909622733194555,-0.005324999336153269,-0.007988371886312962,0.0026616270188242197,0.3040061295032501,-9.169217109680176,0.10787314921617508
2025-03-07 02:20:22.590716,320,240,20,20,4.857415230714833,-0.0010646508308127522,-0.007988371886312962,0.0021293016616255045,0.3040061295032501,-9.169217109680176,0.06864655017852783
2025-03-07 02:20:22.626569,320,240,20,20,4.868475231240154,0.0010646508308127522,-0.007456046529114246,0.003728023264557123,0.2843928337097168,-9.149603843688965,0.04903324693441391
2025-03-07 02:20:22.660982,320,240,20,20,4.884195231986814,0.0005323254154063761,-0.006391395349055529,0.005324999336153269,0.3040061295032501,-9.169217109680176,0.04903324693441391
2025-03-07 02:20:22.698781,320,240,20,20,4.836335229713586,0.0021293016616255045,-0.0026616270188242197,0.0021293016616255045,0.2843928337097168,-9.149603843688965,0.10787314921617508
2025-03-07 02:20:22.737983,320,240,20,20,4.927450234041316,-0.0026616270188242197,-0.0021293016616255045,0.0015969761880114675,0.2843928337097168,-9.169217109680176,0.14709974825382233
2025-03-07 02:20:22.774843,320,240,20,20,4.88665023210342,0.0005323254154063761,-0.008520697243511677,-0.0010646508308127522,0.2843928337097168,-9.188830375671387,0.127486452460289
2025-03-07 02:20:22.809053,320,240,20,20,4.855125230606063,0.0010646508308127522,-0.0021293016616255045,0.0005323254154063761,0.3040061295032501,-9.169217109680176,0.10787314921617508
2025-03-07 02:20:22.839115,320,240,20,20,4.881340231851209,0.0010646508308127522,0.0005323254154063761,0.0021293016616255045,0.3040061295032501,-9.188830375671387,0.06864655017852783
2025-03-07 02:20:22.867886,320,240,20,20,4.90046023275936,0.0031956976745277643,-0.0031956976745277643,-0.0010646508308127522,0.3040061295032501,-9.169217109680176,0.06864655017852783
2025-03-07 02:20:22.896972,320,240,20,20,4.881045231837197,0.0031956976745277643,-0.005859069991856813,0.0031956976745277643,0.3040061295032501,-9.169217109680176,0.10787314921617508
2025-03-07 02:20:22.926024,320,240,20,20,4.891610232339008,-0.005324999336153269,-0.004792673978954554,0.006923720706254244,0.3040061295032501,-9.149603843688965,0.10787314921617508
2025-03-07 02:20:22.963864,320,240,20,20,4.871675231392146,0.0,-0.005324999336153269,0.004260348621755838,0.2843928337097168,-9.169217109680176,0.127486452460289
2025-03-07 02:20:23.002056,320,240,20,20,4.883265231942642,-0.003728023264557123,-0.008520697243511677,0.003728023264557123,0.3040061295032501,-9.188830375671387,0.08825984597206116
2025-03-07 02:20:23.039999,320,240,20,20,4.864327731043159,0.0015969761880114675,-0.009054767899215221,0.0015969761880114675,0.3040061295032501,-9.149603843688965,0.04903324693441391
2025-03-07 02:20:23.076460,320,240,20,20,4.881612731864152,-0.0005323254154063761,-0.007988371886312962,0.003728023264557123,0.3040061295032501,-9.169217109680176,0.06864655017852783
2025-03-07 02:20:23.114013,320,240,20,20,4.862495230956119,0.004792673978954554,-0.007988371886312962,0.0026616270188242197,0.3040061295032501,-9.169217109680176,0.10787314921617508
2025-03-07 02:20:23.150449,320,240,20,20,4.864487731050758,-0.004260348621755838,-0.009054767899215221,0.003728023264557123,0.2843928337097168,-9.169217109680176,0.10787314921617508
2025-03-07 02:20:23.188674,320,240,20,20,4.772965226703673,0.0015969761880114675,-0.006391395349055529,-0.0005323254154063761,0.2843928337097168,-9.149603843688965,0.04903324693441391
2025-03-07 02:20:23.226793,320,240,20,20,4.861775230921921,0.0,-0.005324999336153269,0.0010646508308127522,0.3040061295032501,-9.169217109680176,0.04903324693441391
2025-03-07 02:20:23.262515,320,240,20,20,4.846900230215397,-0.0010646508308127522,-0.005859069991856813,0.0021293016616255045,0.3040061295032501,-9.169217109680176,0.08825984597206116
2025-03-07 02:20:23.299539,320,240,20,20,4.828830229357118,-0.0005323254154063761,-0.006391395349055529,0.0021293016616255045,0.2843928337097168,-9.169217109680176,0.127486452460289
2025-03-07 02:20:23.335330,320,240,20,20,4.879585231767851,-0.004260348621755838,-0.007988371886312962,0.0015969761880114675,0.3040061295032501,-9.188830375671387,0.10787314921617508
2025-03-07 02:20:23.369755,320,240,20,20,4.803070228133583,-0.0010646508308127522,-0.007456046529114246,0.0010646508308127522,0.2843928337097168,-9.169217109680176,0.08825984597206116
2025-03-07 02:20:23.399878,320,240,20,20,4.849907730358245,0.0005323254154063761,-0.005859069991856813,0.0010646508308127522,0.3040061295032501,-9.169217109680176,0.06864655017852783
2025-03-07 02:20:23.429078,320,240,20,20,4.851442730431154,-0.0005323254154063761,-0.007456046529114246,0.0015969761880114675,0.3040061295032501,-9.169217109680176,0.06864655017852783
2025-03-07 02:20:23.469758,320,240,20,20,4.867825231209281,0.0021293016616255045,-0.003728023264557123,0.0,0.3040061295032501,-9.169217109680176,0.08825984597206116
2025-03-07 02:20:23.507956,320,240,20,20,4.909285233178525,-0.0021293016616255045,-0.005859069991856813,0.0021293016616255045,0.3040061295032501,-9.149603843688965,0.10787314921617508
2025-03-07 02:20:23.544669,320,240,20,20,4.87903023174149,0.0,-0.006923720706254244,0.0,0.2843928337097168,-9.149603843688965,0.14709974825382233
2025-03-07 02:20:23.584553,320,240,20,20,4.859580230817665,-0.0026616270188242197,-0.007456046529114246,0.004792673978954554,0.2843928337097168,-9.169217109680176,0.08825984597206116
2025-03-07 02:20:23.621212,320,240,20,20,4.892117732363113,-0.0010646508308127522,-0.006391395349055529,0.003728023264557123,0.2843928337097168,-9.169217109680176,0.08825984597206116
2025-03-07 02:20:23.663297,320,240,20,20,4.82484522916784,0.0005323254154063761,-0.004260348621755838,0.0015969761880114675,0.3040061295032501,-9.169217109680176,0.08825984597206116
2025-03-07 02:20:23.712028,320,240,20,20,4.866340231138747,-0.0015969761880114675,-0.008520697243511677,0.0026616270188242197,0.3040061295032501,-9.169217109680176,0.10787314921617508
2025-03-07 02:20:23.754147,320,240,20,20,4.8256652292067885,-0.003728023264557123,-0.0031956976745277643,-0.0015969761880114675,0.3040061295032501,-9.169217109680176,0.10787314921617508
2025-03-07 02:20:23.794294,320,240,20,20,4.897492732618412,-0.003728023264557123,-0.005859069991856813,0.0021293016616255045,0.3040061295032501,-9.169217109680176,0.04903324693441391
2025-03-07 02:20:23.831282,320,240,20,20,4.8756952315830855,-0.0010646508308127522,0.0,-0.0005323254154063761,0.3040061295032501,-9.169217109680176,0.06864655017852783
2025-03-07 02:20:23.870556,320,240,20,20,4.831175229468499,-0.0021293016616255045,-0.008520697243511677,0.0031956976745277643,0.3040061295032501,-9.169217109680176,0.08825984597206116
2025-03-07 02:20:23.908337,320,240,20,20,4.849345230331528,0.0,-0.011184069328010082,0.0015969761880114675,0.2843928337097168,-9.169217109680176,0.08825984597206116
2025-03-07 02:20:23.944554,320,240,20,20,4.9224352338031165,0.0,-0.007988371886312962,0.0010646508308127522,0.3040061295032501,-9.169217109680176,0.10787314921617508
2025-03-07 02:20:23.976117,320,240,20,20,4.851240230421536,-0.004792673978954554,-0.007456046529114246,0.0021293016616255045,0.2843928337097168,-9.169217109680176,0.06864655017852783
2025-03-07 02:20:24.005068,320,240,20,20,4.889422732235107,0.0,-0.009587093256413937,0.003728023264557123,0.2843928337097168,-9.169217109680176,0.04903324693441391
2025-03-07 02:20:24.034027,320,240,20,20,4.839202729849785,0.0010646508308127522,-0.008520697243511677,0.0005323254154063761,0.2843928337097168,-9.188830375671387,0.06864655017852783
2025-03-07 02:20:24.063377,320,240,20,20,4.863272730993049,-0.003728023264557123,-0.009054767899215221,0.0010646508308127522,0.3040061295032501,-9.169217109680176,0.08825984597206116
2025-03-07 02:20:24.092671,320,240,20,20,4.826827729262004,-0.0005323254154063761,-0.005859069991856813,0.0015969761880114675,0.3040061295032501,-9.188830375671387,0.127486452460289
2025-03-07 02:20:24.121662,320,240,20,20,4.864455231049215,-0.0026616270188242197,-0.0031956976745277643,0.0015969761880114675,0.2843928337097168,-9.169217109680176,0.10787314921617508
2025-03-07 02:20:24.160120,320,240,20,20,4.828630229347619,-0.004792673978954554,-0.0026616270188242197,0.0015969761880114675,0.3040061295032501,-9.169217109680176,0.08825984597206116
2025-03-07 02:20:24.203570,320,240,20,20,4.876792731635215,-0.0031956976745277643,-0.006923720706254244,-0.0010646508308127522,0.3040061295032501,-9.169217109680176,0.06864655017852783
2025-03-07 02:20:24.246820,320,240,20,20,4.835177729658608,0.0015969761880114675,0.0,0.003728023264557123,0.2843928337097168,-9.188830375671387,0.06864655017852783
2025-03-07 02:20:24.291071,320,240,20,20,4.88432273199287,0.004792673978954554,-0.0031956976745277643,0.0,0.3040061295032501,-9.169217109680176,0.10787314921617508
2025-03-07 02:20:24.334724,320,240,20,20,4.894165232460364,-0.004792673978954554,-0.005324999336153269,0.0005323254154063761,0.3040061295032501,-9.188830375671387,0.10787314921617508
2025-03-07 02:20:24.372795,320,240,20,20,4.855520230624824,-0.003728023264557123,-0.007988371886312962,0.005859069991856813,0.2843928337097168,-9.169217109680176,0.08825984597206116
2025-03-07 02:20:24.410033,320,240,20,20,4.870977731359017,-0.003728023264557123,-0.004260348621755838,0.0005323254154063761,0.3040061295032501,-9.169217109680176,0.06864655017852783
2025-03-07 02:20:24.447281,320,240,20,20,4.899337732706044,0.0010646508308127522,-0.004792673978954554,-0.004792673978954554,0.3040061295032501,-9.169217109680176,0.06864655017852783
2025-03-07 02:20:24.485733,320,240,20,20,4.89148523233307,-0.0015969761880114675,-0.005859069991856813,-0.0005323254154063761,0.3040061295032501,-9.169217109680176,0.127486452460289
2025-03-07 02:20:24.526433,320,240,20,20,4.866005231122836,-0.0010646508308127522,-0.012782790698111057,-0.0015969761880114675,0.3040061295032501,-9.169217109680176,0.08825984597206116
2025-03-07 02:20:24.568044,320,240,20,20,4.88241273190215,-0.003728023264557123,-0.009587093256413937,0.0021293016616255045,0.3040061295032501,-9.169217109680176,0.08825984597206116
2025-03-07 02:20:24.609804,320,240,20,20,4.847322730235464,0.0005323254154063761,-0.008520697243511677,0.006391395349055529,0.3040061295032501,-9.149603843688965,0.029419949278235435
2025-03-07 02:20:24.645578,320,240,20,20,4.9078002331079915,-0.0010646508308127522,-0.011184069328010082,0.003728023264557123,0.3040061295032501,-9.169217109680176,0.08825984597206116
2025-03-07 02:20:24.689256,320,240,20,20,4.831012729460781,0.0021293016616255045,-0.009054767899215221,0.0021293016616255045,0.3040061295032501,-9.169217109680176,0.10787314921617508
2025-03-07 02:20:24.727452,320,240,20,20,4.881882731876976,0.0026616270188242197,-0.005324999336153269,0.007456046529114246,0.3040061295032501,-9.169217109680176,0.10787314921617508
2025-03-07 02:20:24.769704,320,240,20,20,4.851335230426048,0.0015969761880114675,-0.003728023264557123,-0.0021293016616255045,0.3040061295032501,-9.169217109680176,0.06864655017852783
2025-03-07 02:20:24.808470,320,240,20,20,4.864985231074388,-0.0010646508308127522,-0.0015969761880114675,0.0031956976745277643,0.2843928337097168,-9.169217109680176,0.06864655017852783
2025-03-07 02:20:24.847417,320,240,20,20,4.845100230129901,0.0015969761880114675,-0.0031956976745277643,0.0010646508308127522,0.3040061295032501,-9.169217109680176,0.06864655017852783
2025-03-07 02:20:24.884250,320,240,20,20,4.863525231005042,-0.0026616270188242197,-0.0031956976745277643,0.0,0.2843928337097168,-9.188830375671387,0.127486452460289
2025-03-07 02:20:24.920573,320,240,20,20,4.806592728300894,-0.0010646508308127522,-0.007456046529114246,-0.0005323254154063761,0.3040061295032501,-9.188830375671387,0.08825984597206116
2025-03-07 02:20:24.953084,320,240,20,20,4.904602732956119,-0.0010646508308127522,-0.007988371886312962,-0.0010646508308127522,0.3040061295032501,-9.169217109680176,0.06864655017852783
2025-03-07 02:20:24.993427,320,240,20,20,4.8213702290027864,-0.0031956976745277643,-0.008520697243511677,0.0010646508308127522,0.3040061295032501,-9.169217109680176,0.06864655017852783
2025-03-07 02:20:25.030014,320,240,20,20,4.892255232369644,0.0026616270188242197,-0.0021293016616255045,0.0005323254154063761,0.3040061295032501,-9.169217109680176,0.10787314921617508
2025-03-07 02:20:25.073476,320,240,20,20,4.861512730909453,-0.006391395349055529,-0.010119418613612652,0.003728023264557123,0.2843928337097168,-9.188830375671387,0.08825984597206116
2025-03-07 02:20:25.110898,320,240,20,20,4.875237731561356,-0.004260348621755838,-0.004792673978954554,0.0010646508308127522,0.3040061295032501,-9.169217109680176,0.14709974825382233
2025-03-07 02:20:25.149433,320,240,20,20,4.8906827322949535,-0.005859069991856813,-0.009054767899215221,0.0010646508308127522,0.3040061295032501,-9.188830375671387,0.08825984597206116
2025-03-07 02:20:25.188245,320,240,20,20,4.906950233067619,-0.0005323254154063761,-0.009054767899215221,0.0021293016616255045,0.2843928337097168,-9.169217109680176,0.06864655017852783
2025-03-07 02:20:25.226573,320,240,20,20,4.872122731413401,-0.0010646508308127522,-0.005324999336153269,0.0,0.2843928337097168,-9.169217109680176,0.08825984597206116
2025-03-07 02:20:25.265528,320,240,20,20,4.846007730173005,-0.0005323254154063761,-0.003728023264557123,0.0015969761880114675,0.3040061295032501,-9.169217109680176,0.127486452460289
2025-03-07 02:20:25.303457,320,240,20,20,4.909377733182919,-0.0005323254154063761,-0.005324999336153269,0.0026616270188242197,0.3040061295032501,-9.169217109680176,0.127486452460289
2025-03-07 02:20:25.341538,320,240,20,20,4.849852730355633,-0.003728023264557123,-0.004792673978954554,0.0010646508308127522,0.3040061295032501,-9.149603843688965,0.08825984597206116
2025-03-07 02:20:25.379283,320,240,20,20,4.879642731770582,-0.0015969761880114675,-0.004792673978954554,0.004260348621755838,0.3040061295032501,-9.188830375671387,0.04903324693441391
2025-03-07 02:20:25.420219,320,240,20,20,4.878565231719404,-0.0031956976745277643,-0.005859069991856813,0.0,0.2843928337097168,-9.188830375671387,0.06864655017852783
2025-03-07 02:20:25.460289,320,240,20,20,4.862642730963126,0.0021293016616255045,-0.003728023264557123,0.0005323254154063761,0.3040061295032501,-9.169217109680176,0.10787314921617508
2025-03-07 02:20:25.500132,320,240,20,20,4.914695233435486,0.0,-0.0015969761880114675,0.0,0.3040061295032501,-9.169217109680176,0.10787314921617508
2025-03-07 02:20:25.540153,320,240,20,20,4.871262731372553,-0.0021293016616255045,-0.005859069991856813,0.0,0.3040061295032501,-9.169217109680176,0.08825984597206116
2025-03-07 02:20:25.580915,320,240,20,20,4.852482730480551,0.0015969761880114675,-0.0026616270188242197,0.004792673978954554,0.2843928337097168,-9.169217109680176,0.06864655017852783
2025-03-07 02:20:25.620781,320,240,20,20,4.87091023135581,0.0026616270188242197,-0.004792673978954554,0.005324999336153269,0.2843928337097168,-9.149603843688965,0.06864655017852783
2025-03-07 02:20:25.667639,320,240,20,20,4.861747730920615,0.0005323254154063761,-0.007988371886312962,0.0,0.3040061295032501,-9.188830375671387,0.10787314921617508
2025-03-07 02:20:25.708119,320,240,20,20,4.877807731683424,-0.0015969761880114675,-0.009054767899215221,0.0021293016616255045,0.3040061295032501,-9.149603843688965,0.10787314921617508
2025-03-07 02:20:25.748527,320,240,20,20,4.855175230608438,0.0,-0.006391395349055529,0.0015969761880114675,0.2843928337097168,-9.169217109680176,0.08825984597206116
2025-03-07 02:20:25.786703,320,240,20,20,4.896877732589201,-0.004260348621755838,-0.006391395349055529,0.003728023264557123,0.3040061295032501,-9.169217109680176,0.04903324693441391
2025-03-07 02:20:25.823454,320,240,20,20,4.873467731477286,0.004792673978954554,-0.0031956976745277643,0.0015969761880114675,0.2843928337097168,-9.188830375671387,0.08825984597206116
2025-03-07 02:20:25.861884,320,240,20,20,4.874292731516471,-0.0021293016616255045,-0.006923720706254244,0.0010646508308127522,0.3040061295032501,-9.169217109680176,0.10787314921617508
2025-03-07 02:20:25.904374,320,240,20,20,4.890615232291748,-0.0026616270188242197,-0.009587093256413937,0.0010646508308127522,0.2843928337097168,-9.149603843688965,0.10787314921617508
2025-03-07 02:20:25.943519,320,240,20,20,4.897717732629099,0.0010646508308127522,0.0005323254154063761,0.0031956976745277643,0.3040061295032501,-9.169217109680176,0.08825984597206116
2025-03-07 02:20:25.983423,320,240,20,20,4.862282730946026,-0.0005323254154063761,-0.006391395349055529,-0.0010646508308127522,0.2843928337097168,-9.188830375671387,0.06864655017852783
2025-03-07 02:20:26.022176,320,240,20,20,4.848807730305998,0.005859069991856813,-0.0015969761880114675,0.0,0.3040061295032501,-9.169217109680176,0.08825984597206116
2025-03-07 02:20:26.059350,320,240,20,20,4.874427731522883,-0.0015969761880114675,-0.006391395349055529,0.0021293016616255045,0.3040061295032501,-9.169217109680176,0.10787314921617508
2025-03-07 02:20:26.098118,320,240,20,20,4.9165802335250195,0.0015969761880114675,-0.007456046529114246,0.0021293016616255045,0.3040061295032501,-9.169217109680176,0.10787314921617508
2025-03-07 02:20:26.136883,320,240,20,20,4.861695230918121,0.0010646508308127522,-0.003728023264557123,0.0,0.3040061295032501,-9.169217109680176,0.08825984597206116
2025-03-07 02:20:26.179979,320,240,20,20,4.891927732354088,-0.0021293016616255045,-0.004260348621755838,0.0015969761880114675,0.3040061295032501,-9.169217109680176,0.04903324693441391
2025-03-07 02:20:26.217250,320,240,20,20,4.847882730262063,0.0005323254154063761,-0.010119418613612652,0.0026616270188242197,0.3040061295032501,-9.169217109680176,0.06864655017852783
2025-03-07 02:20:26.255723,320,240,20,20,4.872667731439288,-0.003728023264557123,-0.007988371886312962,0.0031956976745277643,0.2843928337097168,-9.188830375671387,0.127486452460289
2025-03-07 02:20:26.292851,320,240,20,20,4.876057731600303,0.0010646508308127522,-0.009054767899215221,0.0015969761880114675,0.3040061295032501,-9.188830375671387,0.10787314921617508
2025-03-07 02:20:26.331142,320,240,20,20,4.869940231309738,-0.0010646508308127522,-0.006391395349055529,0.0021293016616255045,0.3040061295032501,-9.188830375671387,0.08825984597206116
2025-03-07 02:20:26.369510,320,240,20,20,4.87626523161016,-0.0021293016616255045,-0.008520697243511677,0.0015969761880114675,0.3040061295032501,-9.169217109680176,0.08825984597206116
2025-03-07 02:20:26.407767,320,240,20,20,4.876805231635808,0.0005323254154063761,-0.009054767899215221,0.0026616270188242197,0.3040061295032501,-9.188830375671387,0.08825984597206116
2025-03-07 02:20:26.445827,320,240,20,20,4.8822127318926505,-0.0010646508308127522,-0.005859069991856813,0.0010646508308127522,0.3040061295032501,-9.169217109680176,0.08825984597206116
2025-03-07 02:20:26.486540,320,240,20,20,4.8839852319768395,-0.0015969761880114675,-0.004792673978954554,0.0021293016616255045,0.3040061295032501,-9.169217109680176,0.08825984597206116
2025-03-07 02:20:26.524630,320,240,20,20,4.894065232455614,0.0,-0.009587093256413937,0.0,0.3040061295032501,-9.169217109680176,0.06864655017852783
2025-03-07 02:20:26.564143,320,240,20,20,4.8708602313534355,0.0010646508308127522,-0.006923720706254244,-0.0015969761880114675,0.3040061295032501,-9.169217109680176,0.06864655017852783
2025-03-07 02:20:26.607468,320,240,20,20,4.879380231758114,-0.0026616270188242197,-0.007988371886312962,0.0015969761880114675,0.3040061295032501,-9.169217109680176,0.08825984597206116
2025-03-07 02:20:26.644978,320,240,20,20,4.851405230429373,0.0,-0.009587093256413937,0.0015969761880114675,0.2843928337097168,-9.188830375671387,0.10787314921617508
2025-03-07 02:20:26.689231,320,240,20,20,4.8675327311953875,-0.0010646508308127522,-0.005859069991856813,0.0031956976745277643,0.2843928337097168,-9.169217109680176,0.08825984597206116
2025-03-07 02:20:26.728589,320,240,20,20,4.878607731721422,-0.0031956976745277643,-0.011718139983713627,0.0021293016616255045,0.3040061295032501,-9.169217109680176,0.08825984597206116
2025-03-07 02:20:26.767748,320,240,20,20,4.890467732284742,-0.0021293016616255045,-0.006391395349055529,0.0015969761880114675,0.3040061295032501,-9.169217109680176,0.08825984597206116
2025-03-07 02:20:26.805516,320,240,20,20,4.880177731795993,0.0,-0.0005323254154063761,0.0015969761880114675,0.3040061295032501,-9.169217109680176,0.06864655017852783
2025-03-07 02:20:26.837143,320,240,20,20,4.839997729887545,-0.003728023264557123,-0.006923720706254244,0.006923720706254244,0.3040061295032501,-9.169217109680176,0.08825984597206116
2025-03-07 02:20:26.866446,320,240,20,20,4.873275231468142,-0.0005323254154063761,-0.009054767899215221,0.0031956976745277643,0.3040061295032501,-9.169217109680176,0.127486452460289
2025-03-07 02:20:26.895615,320,240,20,20,4.869675231297151,-0.0021293016616255045,-0.004792673978954554,0.0010646508308127522,0.3040061295032501,-9.149603843688965,0.08825984597206116
2025-03-07 02:20:26.925315,320,240,20,20,4.874920231546275,-0.0031956976745277643,-0.007456046529114246,0.0026616270188242197,0.2843928337097168,-9.169217109680176,0.08825984597206116
2025-03-07 02:20:26.954426,320,240,20,20,4.8944077324718815,-0.0031956976745277643,-0.004792673978954554,0.0,0.2843928337097168,-9.169217109680176,0.06864655017852783
2025-03-07 02:20:26.983260,320,240,20,20,4.886200232082047,0.0,-0.006923720706254244,0.0021293016616255045,0.3040061295032501,-9.169217109680176,0.06864655017852783
2025-03-07 02:20:27.028832,320,240,20,20,4.846272730185592,-0.0005323254154063761,-0.005859069991856813,0.004260348621755838,0.2843928337097168,-9.169217109680176,0.10787314921617508
2025-03-07 02:20:27.071047,320,240,20,20,4.844475230100215,-0.0010646508308127522,-0.007456046529114246,0.0010646508308127522,0.3040061295032501,-9.188830375671387,0.127486452460289
2025-03-07 02:20:27.113100,320,240,20,20,4.897410232614493,-0.0010646508308127522,-0.007988371886312962,0.0021293016616255045,0.2843928337097168,-9.169217109680176,0.08825984597206116
2025-03-07 02:20:27.152568,320,240,20,20,4.872620231437031,-0.005859069991856813,-0.005859069991856813,-0.0010646508308127522,0.3040061295032501,-9.169217109680176,0.08825984597206116
2025-03-07 02:20:27.189683,320,240,20,20,4.942472734754847,0.0,-0.004792673978954554,-0.0021293016616255045,0.2843928337097168,-9.169217109680176,0.08825984597206116
2025-03-07 02:20:27.227738,320,240,20,20,4.876615231626784,0.0,-0.006923720706254244,-0.0005323254154063761,0.2843928337097168,-9.188830375671387,0.127486452460289
2025-03-07 02:20:27.265963,320,240,20,20,4.884970232023624,-0.0015969761880114675,-0.007456046529114246,0.0005323254154063761,0.3040061295032501,-9.169217109680176,0.127486452460289
2025-03-07 02:20:27.300800,320,240,20,20,4.860120230843313,0.0021293016616255045,-0.003728023264557123,0.0021293016616255045,0.3040061295032501,-9.169217109680176,0.08825984597206116
2025-03-07 02:20:27.331810,320,240,20,20,4.847700230253395,-0.0005323254154063761,-0.012782790698111057,0.003728023264557123,0.3040061295032501,-9.169217109680176,0.08825984597206116
2025-03-07 02:20:27.361207,320,240,20,20,4.839782729877333,-0.0015969761880114675,-0.004260348621755838,0.0031956976745277643,0.2843928337097168,-9.169217109680176,0.04903324693441391
2025-03-07 02:20:27.390457,320,240,20,20,4.899060232692864,0.0005323254154063761,-0.006923720706254244,-0.0005323254154063761,0.2843928337097168,-9.149603843688965,0.06864655017852783
2025-03-07 02:20:27.419633,320,240,20,20,4.8177327288300145,0.0005323254154063761,-0.0026616270188242197,0.005324999336153269,0.32361945509910583,-9.188830375671387,0.10787314921617508
2025-03-07 02:20:27.448955,320,240,20,20,4.872907731450686,0.0010646508308127522,-0.007456046529114246,0.005859069991856813,0.3040061295032501,-9.169217109680176,0.10787314921617508
2025-03-07 02:20:27.478410,320,240,20,20,4.894577732479957,-0.004792673978954554,-0.006923720706254244,0.004260348621755838,0.2843928337097168,-9.169217109680176,0.10787314921617508
2025-03-07 02:20:27.513650,320,240,20,20,4.876787731634977,-0.003728023264557123,-0.006391395349055529,0.0010646508308127522,0.2843928337097168,-9.169217109680176,0.06864655017852783
2025-03-07 02:20:27.547219,320,240,20,20,4.8944977324761565,0.0021293016616255045,-0.0026616270188242197,0.0021293016616255045,0.2843928337097168,-9.169217109680176,0.04903324693441391
2025-03-07 02:20:27.580380,320,240,20,20,4.856840230687522,-0.0005323254154063761,-0.004260348621755838,0.0005323254154063761,0.3040061295032501,-9.169217109680176,0.08825984597206116
2025-03-07 02:20:27.612799,320,240,20,20,4.827987729317101,-0.0005323254154063761,0.0,0.0026616270188242197,0.3040061295032501,-9.149603843688965,0.127486452460289
2025-03-07 02:20:27.648897,320,240,20,20,4.860640230868012,-0.0026616270188242197,-0.004260348621755838,0.0010646508308127522,0.2843928337097168,-9.188830375671387,0.10787314921617508
2025-03-07 02:20:27.678369,320,240,20,20,4.829132729371485,0.0005323254154063761,-0.0015969761880114675,0.0021293016616255045,0.3040061295032501,-9.169217109680176,0.08825984597206116
2025-03-07 02:20:27.714672,320,240,20,20,4.882142731889326,-0.0010646508308127522,-0.008520697243511677,0.0015969761880114675,0.3040061295032501,-9.188830375671387,0.06864655017852783
2025-03-07 02:20:27.745279,320,240,20,20,4.8700627313155564,-0.0015969761880114675,-0.003728023264557123,0.0015969761880114675,0.2843928337097168,-9.149603843688965,0.08825984597206116
2025-03-07 02:20:27.782810,320,240,20,20,4.8933002324192785,0.0,-0.007456046529114246,0.004792673978954554,0.2843928337097168,-9.188830375671387,0.08825984597206116
2025-03-07 02:20:27.812253,320,240,20,20,4.873262731467548,0.0015969761880114675,-0.007456046529114246,0.003728023264557123,0.2843928337097168,-9.169217109680176,0.10787314921617508
2025-03-07 02:20:27.849642,320,240,20,20,4.867952731215337,-0.003728023264557123,-0.0021293016616255045,0.003728023264557123,0.3040061295032501,-9.169217109680176,0.08825984597206116
2025-03-07 02:20:27.879144,320,240,20,20,4.912057733310212,0.0015969761880114675,-0.005324999336153269,0.0,0.3040061295032501,-9.169217109680176,0.08825984597206116
2025-03-07 02:20:27.917290,320,240,20,20,4.862305230947095,0.0005323254154063761,-0.004792673978954554,0.0015969761880114675,0.3040061295032501,-9.169217109680176,0.06864655017852783
2025-03-07 02:20:27.946523,320,240,20,20,4.883180231938605,-0.0010646508308127522,-0.005324999336153269,0.0021293016616255045,0.2843928337097168,-9.149603843688965,0.06864655017852783
2025-03-07 02:20:27.980762,320,240,20,20,4.850092730367033,-0.0021293016616255045,-0.007456046529114246,0.0015969761880114675,0.2843928337097168,-9.169217109680176,0.08825984597206116
2025-03-07 02:20:28.013659,320,240,20,20,4.852130230463809,-0.005324999336153269,-0.011718139983713627,-0.0015969761880114675,0.3040061295032501,-9.188830375671387,0.10787314921617508
2025-03-07 02:20:28.047326,320,240,20,20,4.873560231481679,0.0005323254154063761,-0.009587093256413937,0.003728023264557123,0.3040061295032501,-9.149603843688965,0.08825984597206116
2025-03-07 02:20:28.081292,320,240,20,20,4.876620231627021,0.0015969761880114675,-0.005324999336153269,-0.0015969761880114675,0.2843928337097168,-9.188830375671387,0.08825984597206116
2025-03-07 02:20:28.114736,320,240,20,20,4.8402127298977575,-0.0031956976745277643,-0.005324999336153269,0.0010646508308127522,0.3040061295032501,-9.149603843688965,0.06864655017852783
2025-03-07 02:20:28.146981,320,240,20,20,4.903022732881072,0.004260348621755838,-0.005859069991856813,-0.0005323254154063761,0.3040061295032501,-9.188830375671387,0.08825984597206116
2025-03-07 02:20:28.180881,320,240,20,20,4.865375231092912,-0.005324999336153269,-0.005324999336153269,0.005859069991856813,0.2843928337097168,-9.169217109680176,0.10787314921617508
2025-03-07 02:20:28.214528,320,240,20,20,4.855082730604044,-0.0015969761880114675,-0.006923720706254244,-0.0005323254154063761,0.2843928337097168,-9.169217109680176,0.127486452460289
2025-03-07 02:20:28.246885,320,240,20,20,4.866250231134472,-0.003728023264557123,-0.0026616270188242197,0.0026616270188242197,0.3040061295032501,-9.169217109680176,0.08825984597206116
2025-03-07 02:20:28.282421,320,240,20,20,4.856337730663654,-0.004260348621755838,-0.006923720706254244,0.004260348621755838,0.2843928337097168,-9.169217109680176,0.08825984597206116
2025-03-07 02:20:28.312380,320,240,20,20,4.883292731943948,-0.0010646508308127522,-0.0026616270188242197,0.0015969761880114675,0.3040061295032501,-9.169217109680176,0.06864655017852783
2025-03-07 02:20:28.351090,320,240,20,20,4.847050230222521,0.003728023264557123,-0.010119418613612652,0.004260348621755838,0.3040061295032501,-9.169217109680176,0.04903324693441391
2025-03-07 02:20:28.380980,320,240,20,20,4.906802733060613,-0.0015969761880114675,-0.007988371886312962,-0.0010646508308127522,0.3040061295032501,-9.169217109680176,0.10787314921617508
2025-03-07 02:20:28.413273,320,240,20,20,4.895852732540516,0.0005323254154063761,-0.006923720706254244,0.005859069991856813,0.2843928337097168,-9.169217109680176,0.127486452460289
2025-03-07 02:20:28.448514,320,240,20,20,4.924840233917348,-0.005324999336153269,-0.007456046529114246,0.006923720706254244,0.3040061295032501,-9.169217109680176,0.08825984597206116
2025-03-07 02:20:28.480343,320,240,20,20,4.896615232576733,-0.0015969761880114675,-0.010119418613612652,0.0,0.2843928337097168,-9.169217109680176,0.06864655017852783
2025-03-07 02:20:28.515559,320,240,20,20,4.8647802310646515,-0.0010646508308127522,-0.008520697243511677,0.0015969761880114675,0.3040061295032501,-9.169217109680176,0.06864655017852783
2025-03-07 02:20:28.546201,320,240,20,20,4.860992730884755,-0.0010646508308127522,-0.006391395349055529,0.004792673978954554,0.3040061295032501,-9.169217109680176,0.06864655017852783
2025-03-07 02:20:28.583657,320,240,20,20,4.880122731793381,0.0021293016616255045,-0.010119418613612652,0.0026616270188242197,0.2843928337097168,-9.169217109680176,0.08825984597206116
2025-03-07 02:20:28.614133,320,240,20,20,4.848652730298636,-0.0015969761880114675,-0.006391395349055529,0.0031956976745277643,0.3040061295032501,-9.169217109680176,0.10787314921617508
2025-03-07 02:20:28.649641,320,240,20,20,4.87771773167915,-0.0026616270188242197,-0.007988371886312962,-0.0005323254154063761,0.2843928337097168,-9.169217109680176,0.08825984597206116
2025-03-07 02:20:28.680295,320,240,20,20,4.886982732119213,-0.0010646508308127522,-0.004792673978954554,0.0,0.2843928337097168,-9.169217109680176,0.06864655017852783
2025-03-07 02:20:28.720232,320,240,20,20,4.861825230924296,-0.0010646508308127522,-0.010119418613612652,0.0010646508308127522,0.2843928337097168,-9.149603843688965,0.06864655017852783
2025-03-07 02:20:28.758801,320,240,20,20,4.875645231580711,0.0,-0.006923720706254244,0.004792673978954554,0.3040061295032501,-9.188830375671387,0.06864655017852783
2025-03-07 02:20:28.797022,320,240,20,20,4.91532523346541,-0.0005323254154063761,-0.007456046529114246,0.0021293016616255045,0.3040061295032501,-9.169217109680176,0.10787314921617508
2025-03-07 02:20:28.834132,320,240,20,20,4.846500230196398,-0.005324999336153269,-0.007456046529114246,-0.0005323254154063761,0.3040061295032501,-9.169217109680176,0.10787314921617508
2025-03-07 02:20:28.873061,320,240,20,20,4.841750229970785,0.0005323254154063761,-0.004260348621755838,0.0031956976745277643,0.3040061295032501,-9.169217109680176,0.08825984597206116
2025-03-07 02:20:28.912127,320,240,20,20,4.841047729937418,0.0,-0.003728023264557123,0.004260348621755838,0.3040061295032501,-9.149603843688965,0.06864655017852783
2025-03-07 02:20:28.949399,320,240,20,20,4.875652731581067,0.0015969761880114675,-0.005859069991856813,0.0021293016616255045,0.2843928337097168,-9.169217109680176,0.06864655017852783
2025-03-07 02:20:28.986584,320,240,20,20,4.914415233422187,0.0010646508308127522,-0.004260348621755838,0.0021293016616255045,0.2843928337097168,-9.169217109680176,0.06864655017852783
2025-03-07 02:20:29.023387,320,240,20,20,4.9068677330637005,-0.0021293016616255045,-0.006923720706254244,0.0005323254154063761,0.3040061295032501,-9.188830375671387,0.08825984597206116
2025-03-07 02:20:29.061778,320,240,20,20,4.893627732434834,-0.0026616270188242197,-0.0026616270188242197,0.003728023264557123,0.3040061295032501,-9.169217109680176,0.08825984597206116
2025-03-07 02:20:29.103142,320,240,20,20,4.848032730269187,-0.0010646508308127522,-0.012250465340912342,0.003728023264557123,0.3040061295032501,-9.169217109680176,0.08825984597206116
2025-03-07 02:20:29.144008,320,240,20,20,4.88338773194846,0.0015969761880114675,-0.006391395349055529,0.0005323254154063761,0.3040061295032501,-9.149603843688965,0.06864655017852783
2025-03-07 02:20:29.190825,320,240,20,20,4.875117731555656,-0.003728023264557123,-0.009054767899215221,0.0015969761880114675,0.3040061295032501,-9.188830375671387,0.08825984597206116
2025-03-07 02:20:29.236562,320,240,20,20,4.886175232080859,-0.007988371886312962,-0.007456046529114246,0.004792673978954554,0.2843928337097168,-9.188830375671387,0.10787314921617508
2025-03-07 02:20:29.277981,320,240,20,20,4.871780231397134,-0.0031956976745277643,-0.004260348621755838,0.004260348621755838,0.2843928337097168,-9.149603843688965,0.10787314921617508
2025-03-07 02:20:29.317794,320,240,20,20,4.8403002299019136,0.0,-0.005324999336153269,-0.0005323254154063761,0.3040061295032501,-9.169217109680176,0.04903324693441391
2025-03-07 02:20:29.355709,320,240,20,20,4.908475233140052,-0.0010646508308127522,-0.007988371886312962,0.0031956976745277643,0.2843928337097168,-9.188830375671387,0.08825984597206116
2025-03-07 02:20:29.393127,320,240,20,20,4.8642927310414965,0.0,-0.005859069991856813,0.0015969761880114675,0.3040061295032501,-9.169217109680176,0.08825984597206116
2025-03-07 02:20:29.430371,320,240,20,20,4.863345230996492,-0.0026616270188242197,-0.009587093256413937,0.0005323254154063761,0.3040061295032501,-9.169217109680176,0.08825984597206116
2025-03-07 02:20:29.467556,320,240,20,20,4.870377731330518,0.0005323254154063761,-0.006923720706254244,0.0005323254154063761,0.3040061295032501,-9.169217109680176,0.06864655017852783
2025-03-07 02:20:29.509104,320,240,20,20,4.860472730860056,-0.0005323254154063761,-0.0021293016616255045,0.0031956976745277643,0.3040061295032501,-9.149603843688965,0.06864655017852783
2025-03-07 02:20:29.548286,320,240,20,20,4.888400232186541,0.0,-0.0031956976745277643,0.0021293016616255045,0.3040061295032501,-9.169217109680176,0.08825984597206116
2025-03-07 02:20:29.586290,320,240,20,20,4.905477732997679,0.0021293016616255045,-0.008520697243511677,0.0021293016616255045,0.3040061295032501,-9.149603843688965,0.08825984597206116
2025-03-07 02:20:29.624237,320,240,20,20,4.863712731013948,0.0015969761880114675,-0.005324999336153269,0.0005323254154063761,0.2843928337097168,-9.169217109680176,0.08825984597206116
2025-03-07 02:20:29.664892,320,240,20,20,4.903492732903397,0.0015969761880114675,-0.005324999336153269,-0.0010646508308127522,0.2843928337097168,-9.169217109680176,0.08825984597206116
2025-03-07 02:20:29.703237,320,240,20,20,4.866065231125686,0.0,-0.006391395349055529,0.004792673978954554,0.3040061295032501,-9.169217109680176,0.06864655017852783
2025-03-07 02:20:29.740471,320,240,20,20,4.861772730921802,0.0005323254154063761,-0.0031956976745277643,0.0015969761880114675,0.3040061295032501,-9.188830375671387,0.08825984597206116
2025-03-07 02:20:29.773475,320,240,20,20,4.855860230640974,-0.0005323254154063761,-0.011184069328010082,0.0026616270188242197,0.2843928337097168,-9.169217109680176,0.06864655017852783
2025-03-07 02:20:29.813010,320,240,20,20,4.849517730339722,0.0,-0.0031956976745277643,0.0021293016616255045,0.3040061295032501,-9.169217109680176,0.10787314921617508
2025-03-07 02:20:29.850565,320,240,20,20,4.8522302304685585,0.0015969761880114675,-0.005324999336153269,0.0026616270188242197,0.3040061295032501,-9.169217109680176,0.10787314921617508
2025-03-07 02:20:29.885373,320,240,20,20,4.860375230855425,-0.0015969761880114675,-0.005859069991856813,0.0005323254154063761,0.3040061295032501,-9.149603843688965,0.06864655017852783
2025-03-07 02:20:29.923967,320,240,20,20,4.850477730385319,0.004260348621755838,-0.006923720706254244,0.0026616270188242197,0.3040061295032501,-9.188830375671387,0.08825984597206116
2025-03-07 02:20:29.961581,320,240,20,20,4.887252732132038,-0.0021293016616255045,-0.005324999336153269,0.0015969761880114675,0.3040061295032501,-9.188830375671387,0.10787314921617508
2025-03-07 02:20:30.000011,320,240,20,20,4.903595232908264,-0.0005323254154063761,-0.007988371886312962,0.0,0.3040061295032501,-9.169217109680176,0.10787314921617508
2025-03-07 02:20:30.042557,320,240,20,20,4.797900227888022,0.0010646508308127522,-0.006923720706254244,0.0,0.3040061295032501,-9.149603843688965,0.06864655017852783
2025-03-07 02:20:30.087581,320,240,20,20,4.864382731045771,-0.0021293016616255045,-0.003728023264557123,-0.0015969761880114675,0.2843928337097168,-9.149603843688965,0.08825984597206116
2025-03-07 02:20:30.130868,320,240,20,20,4.874395231521339,0.0021293016616255045,-0.005324999336153269,0.006391395349055529,0.2843928337097168,-9.169217109680176,0.08825984597206116
2025-03-07 02:20:30.173482,320,240,20,20,4.860772730874305,-0.003728023264557123,-0.010119418613612652,0.0010646508308127522,0.3040061295032501,-9.188830375671387,0.06864655017852783
2025-03-07 02:20:30.211246,320,240,20,20,4.874340231518727,0.0021293016616255045,-0.0010646508308127522,0.0015969761880114675,0.2843928337097168,-9.169217109680176,0.10787314921617508
2025-03-07 02:20:30.247543,320,240,20,20,4.863737731015135,-0.0031956976745277643,-0.004792673978954554,0.0015969761880114675,0.3040061295032501,-9.169217109680176,0.08825984597206116
2025-03-07 02:20:30.282713,320,240,20,20,4.880597731815942,0.0010646508308127522,-0.003728023264557123,0.0015969761880114675,0.3040061295032501,-9.169217109680176,0.08825984597206116
2025-03-07 02:20:30.320408,320,240,20,20,4.867252731182089,0.0031956976745277643,-0.0015969761880114675,0.0005323254154063761,0.3040061295032501,-9.169217109680176,0.06864655017852783
2025-03-07 02:20:30.358514,320,240,20,20,4.832530229532859,0.0015969761880114675,-0.005324999336153269,-0.0021293016616255045,0.3040061295032501,-9.149603843688965,0.10787314921617508
2025-03-07 02:20:30.395426,320,240,20,20,4.835942729694944,0.0005323254154063761,-0.006391395349055529,0.0021293016616255045,0.2843928337097168,-9.169217109680176,0.10787314921617508
2025-03-07 02:20:30.434078,320,240,20,20,4.8517902304476594,-0.0010646508308127522,-0.006391395349055529,0.0026616270188242197,0.3040061295032501,-9.169217109680176,0.08825984597206116
2025-03-07 02:20:30.472739,320,240,20,20,4.845570230152225,0.0,-0.004792673978954554,0.004260348621755838,0.3040061295032501,-9.169217109680176,0.10787314921617508
2025-03-07 02:20:30.511251,320,240,20,20,4.892032732359075,-0.0021293016616255045,-0.006391395349055529,0.0031956976745277643,0.3040061295032501,-9.169217109680176,0.08825984597206116
2025-03-07 02:20:30.546687,320,240,20,20,4.872665231439169,-0.0015969761880114675,-0.014379767701029778,-0.0005323254154063761,0.3040061295032501,-9.169217109680176,0.08825984597206116
2025-03-07 02:20:30.577069,320,240,20,20,4.891885232352069,-0.0015969761880114675,-0.005859069991856813,-0.0010646508308127522,0.3040061295032501,-9.169217109680176,0.10787314921617508
2025-03-07 02:20:30.606371,320,240,20,20,4.8500127303632325,-0.0010646508308127522,-0.0026616270188242197,0.0021293016616255045,0.3040061295032501,-9.169217109680176,0.10787314921617508
2025-03-07 02:20:30.644298,320,240,20,20,4.831102729465056,-0.0010646508308127522,-0.008520697243511677,0.003728023264557123,0.2843928337097168,-9.169217109680176,0.08825984597206116
2025-03-07 02:20:30.689021,320,240,20,20,4.873760231491178,-0.003728023264557123,-0.005324999336153269,-0.0010646508308127522,0.3040061295032501,-9.169217109680176,0.06864655017852783
2025-03-07 02:20:30.728013,320,240,20,20,4.832012729508278,0.0021293016616255045,-0.004792673978954554,0.004792673978954554,0.2843928337097168,-9.169217109680176,0.08825984597206116
2025-03-07 02:20:30.763833,320,240,20,20,4.868112731222936,-0.0031956976745277643,-0.004792673978954554,0.0021293016616255045,0.2843928337097168,-9.169217109680176,0.10787314921617508
2025-03-07 02:20:30.795060,320,240,20,20,4.885347732041555,-0.0031956976745277643,-0.003728023264557123,-0.0005323254154063761,0.3040061295032501,-9.188830375671387,0.10787314921617508
2025-03-07 02:20:30.824006,320,240,20,20,4.905710233008722,-0.0021293016616255045,-0.007456046529114246,0.0015969761880114675,0.3040061295032501,-9.169217109680176,0.08825984597206116
2025-03-07 02:20:30.853236,320,240,20,20,4.932910234300652,-0.0026616270188242197,-0.0026616270188242197,0.004260348621755838,0.2843928337097168,-9.169217109680176,0.08825984597206116
2025-03-07 02:20:30.882291,320,240,20,20,4.879800231778063,0.0026616270188242197,-0.003728023264557123,0.0005323254154063761,0.2843928337097168,-9.169217109680176,0.08825984597206116
2025-03-07 02:20:30.913724,320,240,20,20,4.885480232047849,-0.0005323254154063761,-0.0031956976745277643,0.0010646508308127522,0.3040061295032501,-9.169217109680176,0.08825984597206116
2025-03-07 02:20:30.951983,320,240,20,20,4.851020230411086,-0.0015969761880114675,-0.003728023264557123,0.004792673978954554,0.2843928337097168,-9.169217109680176,0.10787314921617508
2025-03-07 02:20:30.982391,320,240,20,20,4.863032730981649,0.0026616270188242197,-0.004260348621755838,0.0010646508308127522,0.3040061295032501,-9.169217109680176,0.08825984597206116
2025-03-07 02:20:31.015838,320,240,20,20,4.868805231255829,-0.0005323254154063761,-0.006391395349055529,0.005859069991856813,0.3040061295032501,-9.169217109680176,0.10787314921617508
2025-03-07 02:20:31.049232,320,240,20,20,4.880965231833398,0.0010646508308127522,-0.009054767899215221,0.0015969761880114675,0.3040061295032501,-9.169217109680176,0.06864655017852783
2025-03-07 02:20:31.083639,320,240,20,20,4.8679327312143865,-0.0005323254154063761,-0.0031956976745277643,0.0010646508308127522,0.3040061295032501,-9.169217109680176,0.06864655017852783
2025-03-07 02:20:31.115155,320,240,20,20,4.862985230979393,0.0015969761880114675,-0.007456046529114246,0.003728023264557123,0.3040061295032501,-9.169217109680176,0.08825984597206116
2025-03-07 02:20:31.151150,320,240,20,20,4.919755233675824,0.0005323254154063761,-0.0010646508308127522,0.006923720706254244,0.2843928337097168,-9.169217109680176,0.10787314921617508
2025-03-07 02:20:31.181491,320,240,20,20,4.893912732448371,-0.0005323254154063761,-0.009587093256413937,0.0005323254154063761,0.3040061295032501,-9.149603843688965,0.08825984597206116
2025-03-07 02:20:31.218570,320,240,20,20,4.8787102317262905,-0.005859069991856813,-0.005324999336153269,0.0021293016616255045,0.3040061295032501,-9.169217109680176,0.08825984597206116
2025-03-07 02:20:31.248690,320,240,20,20,4.846365230189986,-0.0031956976745277643,-0.003728023264557123,0.0010646508308127522,0.3040061295032501,-9.188830375671387,0.06864655017852783
2025-03-07 02:20:31.283914,320,240,20,20,4.844437730098434,-0.0021293016616255045,-0.006391395349055529,0.003728023264557123,0.3040061295032501,-9.169217109680176,0.08825984597206116
2025-03-07 02:20:31.314936,320,240,20,20,4.899272732702957,0.0021293016616255045,-0.005324999336153269,-0.0005323254154063761,0.2843928337097168,-9.169217109680176,0.06864655017852783
2025-03-07 02:20:31.353028,320,240,20,20,4.869010231265565,0.0010646508308127522,-0.0031956976745277643,0.0,0.2843928337097168,-9.169217109680176,0.10787314921617508
2025-03-07 02:20:31.384686,320,240,20,20,4.850365230379976,-0.005324999336153269,-0.007988371886312962,0.0015969761880114675,0.2843928337097168,-9.169217109680176,0.08825984597206116
2025-03-07 02:20:31.414321,320,240,20,20,4.861350230901735,-0.004792673978954554,-0.011718139983713627,0.003728023264557123,0.2843928337097168,-9.149603843688965,0.08825984597206116
2025-03-07 02:20:31.453403,320,240,20,20,4.817705228828709,-0.0010646508308127522,-0.004260348621755838,0.0015969761880114675,0.26477953791618347,-9.169217109680176,0.08825984597206116
2025-03-07 02:20:31.483628,320,240,20,20,4.835705229683663,-0.0015969761880114675,-0.007988371886312962,0.0015969761880114675,0.3040061295032501,-9.149603843688965,0.06864655017852783
2025-03-07 02:20:31.514240,320,240,20,20,4.89023273227358,0.0015969761880114675,-0.0031956976745277643,0.004260348621755838,0.3040061295032501,-9.188830375671387,0.08825984597206116
2025-03-07 02:20:31.553855,320,240,20,20,4.851185230418923,-0.0010646508308127522,-0.007988371886312962,0.004792673978954554,0.2843928337097168,-9.149603843688965,0.10787314921617508
2025-03-07 02:20:31.585552,320,240,20,20,4.878590231720591,-0.004260348621755838,-0.007988371886312962,0.0026616270188242197,0.3040061295032501,-9.188830375671387,0.10787314921617508
2025-03-07 02:20:31.615077,320,240,20,20,4.8784852317156036,-0.0005323254154063761,-0.003728023264557123,0.0026616270188242197,0.3040061295032501,-9.169217109680176,0.10787314921617508
2025-03-07 02:20:31.650871,320,240,20,20,4.868275231230655,-0.0031956976745277643,-0.010119418613612652,0.003728023264557123,0.3040061295032501,-9.169217109680176,0.08825984597206116
2025-03-07 02:20:31.682650,320,240,20,20,4.906197733031877,0.0005323254154063761,-0.004260348621755838,-0.0010646508308127522,0.2843928337097168,-9.169217109680176,0.08825984597206116
2025-03-07 02:20:31.716032,320,240,20,20,4.870047731314844,-0.0015969761880114675,-0.003728023264557123,0.0026616270188242197,0.3040061295032501,-9.149603843688965,0.08825984597206116
2025-03-07 02:20:31.749626,320,240,20,20,4.85127023042296,0.0010646508308127522,-0.005324999336153269,0.0005323254154063761,0.2843928337097168,-9.169217109680176,0.08825984597206116
2025-03-07 02:20:31.782003,320,240,20,20,4.8733852314733666,0.0010646508308127522,-0.0031956976745277643,0.0005323254154063761,0.2843928337097168,-9.169217109680176,0.08825984597206116
2025-03-07 02:20:31.818653,320,240,20,20,4.86408523103164,-0.0031956976745277643,-0.005324999336153269,-0.0026616270188242197,0.2843928337097168,-9.169217109680176,0.06864655017852783
2025-03-07 02:20:31.849211,320,240,20,20,4.868502731241461,-0.0015969761880114675,-0.005324999336153269,0.0026616270188242197,0.32361945509910583,-9.169217109680176,0.06864655017852783
2025-03-07 02:20:31.883781,320,240,20,20,4.865705231108587,0.0026616270188242197,-0.005859069991856813,0.003728023264557123,0.2843928337097168,-9.169217109680176,0.06864655017852783
2025-03-07 02:20:31.915040,320,240,20,20,4.886517732097127,-0.0005323254154063761,-0.005324999336153269,-0.0010646508308127522,0.3040061295032501,-9.169217109680176,0.08825984597206116
2025-03-07 02:20:31.952355,320,240,20,20,4.86179773092299,0.0005323254154063761,-0.011718139983713627,-0.0005323254154063761,0.3040061295032501,-9.169217109680176,0.10787314921617508
2025-03-07 02:20:31.981792,320,240,20,20,4.897692732627911,-0.0021293016616255045,-0.0021293016616255045,0.0026616270188242197,0.3040061295032501,-9.169217109680176,0.08825984597206116
2025-03-07 02:20:32.015367,320,240,20,20,4.853492730528524,0.0015969761880114675,-0.004260348621755838,-0.0005323254154063761,0.3040061295032501,-9.169217109680176,0.08825984597206116
2025-03-07 02:20:32.051359,320,240,20,20,4.83057772944012,0.0021293016616255045,-0.006391395349055529,0.003728023264557123,0.2843928337097168,-9.169217109680176,0.10787314921617508
2025-03-07 02:20:32.080827,320,240,20,20,4.902992732879648,-0.0015969761880114675,-0.008520697243511677,0.0026616270188242197,0.2843928337097168,-9.169217109680176,0.08825984597206116
2025-03-07 02:20:32.117353,320,240,20,20,4.843800230068155,-0.0010646508308127522,-0.007988371886312962,0.0015969761880114675,0.3040061295032501,-9.169217109680176,0.08825984597206116
2025-03-07 02:20:32.149170,320,240,20,20,4.828942729362462,0.0031956976745277643,-0.007988371886312962,0.0010646508308127522,0.3040061295032501,-9.169217109680176,0.10787314921617508
2025-03-07 02:20:32.183587,320,240,20,20,4.853187730514037,-0.0026616270188242197,-0.0031956976745277643,0.0021293016616255045,0.3040061295032501,-9.169217109680176,0.10787314921617508
2025-03-07 02:20:32.215156,320,240,20,20,4.875987731596979,0.0010646508308127522,-0.0031956976745277643,0.003728023264557123,0.3040061295032501,-9.169217109680176,0.08825984597206116
2025-03-07 02:20:32.250531,320,240,20,20,4.867642731200613,0.0010646508308127522,-0.009054767899215221,0.003728023264557123,0.2843928337097168,-9.169217109680176,0.10787314921617508
2025-03-07 02:20:32.282757,320,240,20,20,4.892432732378074,-0.0005323254154063761,-0.005859069991856813,0.0026616270188242197,0.3040061295032501,-9.188830375671387,0.10787314921617508
2025-03-07 02:20:32.317404,320,240,20,20,4.886550232098671,-0.0010646508308127522,-0.0015969761880114675,-0.0010646508308127522,0.2843928337097168,-9.169217109680176,0.08825984597206116
2025-03-07 02:20:32.348883,320,240,20,20,4.866610231151571,-0.004792673978954554,-0.005324999336153269,0.0005323254154063761,0.3040061295032501,-9.169217109680176,0.10787314921617508
2025-03-07 02:20:32.384692,320,240,20,20,4.8823127318974,-0.0015969761880114675,-0.005324999336153269,-0.0005323254154063761,0.3040061295032501,-9.169217109680176,0.08825984597206116
2025-03-07 02:20:32.414281,320,240,20,20,4.862085230936645,0.0010646508308127522,-0.0021293016616255045,0.0,0.2843928337097168,-9.169217109680176,0.06864655017852783
2025-03-07 02:20:32.454247,320,240,20,20,4.825710229208926,-0.0031956976745277643,-0.006923720706254244,0.0031956976745277643,0.3040061295032501,-9.149603843688965,0.06864655017852783
2025-03-07 02:20:32.485383,320,240,20,20,4.878240231703967,-0.0010646508308127522,-0.0015969761880114675,0.005859069991856813,0.3040061295032501,-9.169217109680176,0.08825984597206116
2025-03-07 02:20:32.514948,320,240,20,20,4.895620232529472,0.0,-0.0031956976745277643,0.004260348621755838,0.3040061295032501,-9.169217109680176,0.10787314921617508
2025-03-07 02:20:32.552430,320,240,20,20,4.8816827318674765,-0.0031956976745277643,-0.006391395349055529,0.0031956976745277643,0.2843928337097168,-9.169217109680176,0.08825984597206116
2025-03-07 02:20:32.581486,320,240,20,20,4.877075231648632,-0.004792673978954554,-0.010119418613612652,0.0021293016616255045,0.3040061295032501,-9.169217109680176,0.08825984597206116
2025-03-07 02:20:32.621610,320,240,20,20,4.88183523187472,-0.003728023264557123,-0.004260348621755838,0.003728023264557123,0.3040061295032501,-9.169217109680176,0.08825984597206116
2025-03-07 02:20:32.652273,320,240,20,20,4.876302731611941,-0.003728023264557123,-0.0010646508308127522,0.0021293016616255045,0.3040061295032501,-9.169217109680176,0.06864655017852783
2025-03-07 02:20:32.681520,320,240,20,20,4.892505232381518,-0.0015969761880114675,-0.005859069991856813,0.0010646508308127522,0.3040061295032501,-9.169217109680176,0.06864655017852783
2025-03-07 02:20:32.720409,320,240,20,20,4.859412730809709,0.0,-0.008520697243511677,0.0015969761880114675,0.3040061295032501,-9.169217109680176,0.08825984597206116
2025-03-07 02:20:32.750568,320,240,20,20,4.860510230861837,-0.0015969761880114675,-0.006391395349055529,-0.0005323254154063761,0.3040061295032501,-9.169217109680176,0.08825984597206116
2025-03-07 02:20:32.782448,320,240,20,20,4.899965232735849,-0.0031956976745277643,-0.0005323254154063761,0.006391395349055529,0.3040061295032501,-9.149603843688965,0.06864655017852783
2025-03-07 02:20:32.818042,320,240,20,20,4.887140232126694,-0.0021293016616255045,-0.0031956976745277643,0.0,0.3040061295032501,-9.169217109680176,0.06864655017852783
2025-03-07 02:20:32.848172,320,240,20,20,4.902582732860173,-0.0026616270188242197,-0.009054767899215221,0.003728023264557123,0.3040061295032501,-9.169217109680176,0.08825984597206116
2025-03-07 02:20:32.886510,320,240,20,20,4.898035232644179,0.0015969761880114675,-0.0031956976745277643,0.0015969761880114675,0.2843928337097168,-9.169217109680176,0.06864655017852783
2025-03-07 02:20:32.920473,320,240,20,20,4.86894273126236,-0.0015969761880114675,-0.007988371886312962,0.0005323254154063761,0.3040061295032501,-9.169217109680176,0.08825984597206116
2025-03-07 02:20:32.958100,320,240,20,20,4.825470229197526,0.0005323254154063761,-0.006391395349055529,0.0021293016616255045,0.2843928337097168,-9.149603843688965,0.127486452460289
2025-03-07 02:20:32.995346,320,240,20,20,4.878520231717266,0.0005323254154063761,-0.007456046529114246,0.0005323254154063761,0.3040061295032501,-9.169217109680176,0.08825984597206116
2025-03-07 02:20:33.031215,320,240,20,20,4.878627731722372,0.0021293016616255045,-0.007456046529114246,0.0015969761880114675,0.3040061295032501,-9.188830375671387,0.06864655017852783
2025-03-07 02:20:33.063117,320,240,20,20,4.825310229189927,0.0021293016616255045,-0.0021293016616255045,0.0,0.2843928337097168,-9.169217109680176,0.06864655017852783
2025-03-07 02:20:33.092535,320,240,20,20,4.923505233853939,-0.003728023264557123,-0.006923720706254244,0.0021293016616255045,0.3040061295032501,-9.149603843688965,0.08825984597206116
2025-03-07 02:20:33.121749,320,240,20,20,4.891300232324284,-0.0031956976745277643,-0.0031956976745277643,0.0021293016616255045,0.3040061295032501,-9.169217109680176,0.08825984597206116
2025-03-07 02:20:33.151372,320,240,20,20,4.85968773082277,0.0005323254154063761,-0.006923720706254244,0.0015969761880114675,0.2843928337097168,-9.169217109680176,0.08825984597206116
2025-03-07 02:20:33.181086,320,240,20,20,4.917977733591397,-0.0015969761880114675,-0.010119418613612652,0.0010646508308127522,0.2843928337097168,-9.169217109680176,0.08825984597206116
2025-03-07 02:20:33.219377,320,240,20,20,4.912707733341085,-0.0005323254154063761,-0.009054767899215221,0.0,0.3040061295032501,-9.169217109680176,0.08825984597206116
2025-03-07 02:20:33.249638,320,240,20,20,4.88201523188327,-0.004260348621755838,-0.009587093256413937,0.0005323254154063761,0.3040061295032501,-9.169217109680176,0.08825984597206116
2025-03-07 02:20:33.285718,320,240,20,20,4.8990652326931015,-0.0010646508308127522,-0.010119418613612652,0.0010646508308127522,0.3040061295032501,-9.169217109680176,0.08825984597206116
2025-03-07 02:20:33.315275,320,240,20,20,4.884125231983489,0.0,-0.011184069328010082,0.003728023264557123,0.3040061295032501,-9.188830375671387,0.08825984597206116
2025-03-07 02:20:33.353876,320,240,20,20,4.846367730190105,-0.0010646508308127522,-0.006391395349055529,0.0026616270188242197,0.3040061295032501,-9.188830375671387,0.10787314921617508
2025-03-07 02:20:33.384740,320,240,20,20,4.8573302307107955,0.0005323254154063761,-0.010119418613612652,0.003728023264557123,0.3040061295032501,-9.169217109680176,0.06864655017852783
2025-03-07 02:20:33.415420,320,240,20,20,4.846797730210528,-0.0005323254154063761,-0.006391395349055529,0.005324999336153269,0.3040061295032501,-9.169217109680176,0.06864655017852783
2025-03-07 02:20:33.453416,320,240,20,20,4.86428523104114,-0.0026616270188242197,-0.007456046529114246,0.0015969761880114675,0.3040061295032501,-9.169217109680176,0.08825984597206116
2025-03-07 02:20:33.483230,320,240,20,20,4.888672732199484,0.0031956976745277643,-0.009587093256413937,0.003728023264557123,0.3040061295032501,-9.149603843688965,0.08825984597206116
2025-03-07 02:20:33.518295,320,240,20,20,4.864222731038171,-0.0005323254154063761,-0.006391395349055529,0.0005323254154063761,0.3040061295032501,-9.169217109680176,0.10787314921617508
2025-03-07 02:20:33.550426,320,240,20,20,4.877420231665019,0.0010646508308127522,-0.008520697243511677,0.0,0.2843928337097168,-9.169217109680176,0.10787314921617508
2025-03-07 02:20:33.583244,320,240,20,20,4.848520230292342,0.003728023264557123,-0.009587093256413937,0.0005323254154063761,0.2843928337097168,-9.169217109680176,0.06864655017852783
2025-03-07 02:20:33.618221,320,240,20,20,4.846760230208747,-0.0010646508308127522,-0.005859069991856813,0.0026616270188242197,0.3040061295032501,-9.169217109680176,0.06864655017852783
2025-03-07 02:20:33.650296,320,240,20,20,4.879025231741252,-0.0010646508308127522,-0.007456046529114246,-0.0015969761880114675,0.3040061295032501,-9.169217109680176,0.08825984597206116
2025-03-07 02:20:33.685284,320,240,20,20,4.904847732967755,0.0015969761880114675,-0.0031956976745277643,0.0005323254154063761,0.2843928337097168,-9.149603843688965,0.10787314921617508
2025-03-07 02:20:33.716575,320,240,20,20,4.843625230059843,-0.004260348621755838,-0.010119418613612652,0.003728023264557123,0.3040061295032501,-9.169217109680176,0.10787314921617508
2025-03-07 02:20:33.752619,320,240,20,20,4.852190230466658,-0.0026616270188242197,-0.007456046529114246,-0.0026616270188242197,0.3040061295032501,-9.169217109680176,0.06864655017852783
2025-03-07 02:20:33.782707,320,240,20,20,4.848330230283318,0.0005323254154063761,-0.004260348621755838,0.0031956976745277643,0.3040061295032501,-9.169217109680176,0.08825984597206116
2025-03-07 02:20:33.820660,320,240,20,20,4.911005233260221,-0.0010646508308127522,-0.007456046529114246,0.0015969761880114675,0.2843928337097168,-9.169217109680176,0.08825984597206116
2025-03-07 02:20:33.855094,320,240,20,20,4.867145231176982,-0.0005323254154063761,-0.005859069991856813,0.004260348621755838,0.3040061295032501,-9.169217109680176,0.08825984597206116
2025-03-07 02:20:33.894452,320,240,20,20,4.888172732175735,-0.0015969761880114675,-0.0021293016616255045,-0.0010646508308127522,0.3040061295032501,-9.169217109680176,0.08825984597206116
2025-03-07 02:20:33.936554,320,240,20,20,4.803795228168019,-0.005324999336153269,-0.004260348621755838,0.0026616270188242197,0.3040061295032501,-9.169217109680176,0.08825984597206116
2025-03-07 02:20:33.976073,320,240,20,20,4.8744977315262075,-0.0015969761880114675,-0.005324999336153269,0.0005323254154063761,0.3040061295032501,-9.188830375671387,0.10787314921617508
2025-03-07 02:20:34.013844,320,240,20,20,4.861267730897817,-0.0015969761880114675,-0.007456046529114246,0.0031956976745277643,0.3040061295032501,-9.169217109680176,0.06864655017852783
2025-03-07 02:20:34.051449,320,240,20,20,4.858047730744874,-0.0005323254154063761,-0.004792673978954554,0.0,0.3040061295032501,-9.188830375671387,0.08825984597206116
2025-03-07 02:20:34.094291,320,240,20,20,4.912265233320068,-0.0026616270188242197,-0.0021293016616255045,0.0005323254154063761,0.3040061295032501,-9.169217109680176,0.06864655017852783
2025-03-07 02:20:34.131581,320,240,20,20,4.90398273292667,0.0005323254154063761,-0.007456046529114246,0.0021293016616255045,0.2843928337097168,-9.169217109680176,0.08825984597206116
2025-03-07 02:20:34.169400,320,240,20,20,4.867880231211894,-0.007456046529114246,-0.009054767899215221,0.005324999336153269,0.3040061295032501,-9.169217109680176,0.08825984597206116
2025-03-07 02:20:34.206823,320,240,20,20,4.833267729567888,0.0010646508308127522,-0.007456046529114246,0.0010646508308127522,0.3040061295032501,-9.149603843688965,0.10787314921617508
2025-03-07 02:20:34.245204,320,240,20,20,4.86470273106097,0.0015969761880114675,-0.004792673978954554,0.0021293016616255045,0.3040061295032501,-9.149603843688965,0.06864655017852783
2025-03-07 02:20:34.282200,320,240,20,20,4.845777730162081,-0.0005323254154063761,-0.006391395349055529,0.0031956976745277643,0.3040061295032501,-9.169217109680176,0.08825984597206116
2025-03-07 02:20:34.316983,320,240,20,20,4.808190228376771,0.004260348621755838,-0.004792673978954554,0.0021293016616255045,0.2843928337097168,-9.149603843688965,0.08825984597206116
2025-03-07 02:20:34.346998,320,240,20,20,4.852617730486964,0.0005323254154063761,-0.003728023264557123,0.0031956976745277643,0.3040061295032501,-9.169217109680176,0.10787314921617508
2025-03-07 02:20:34.376344,320,240,20,20,4.925297733939078,0.0021293016616255045,-0.007456046529114246,0.004792673978954554,0.3040061295032501,-9.149603843688965,0.10787314921617508
2025-03-07 02:20:34.405588,320,240,20,20,4.912662733338948,0.0,-0.007988371886312962,0.0021293016616255045,0.3040061295032501,-9.169217109680176,0.08825984597206116
2025-03-07 02:20:34.434903,320,240,20,20,4.859477730812796,-0.0005323254154063761,-0.008520697243511677,-0.0005323254154063761,0.3040061295032501,-9.149603843688965,0.06864655017852783
2025-03-07 02:20:34.464097,320,240,20,20,4.8821252318884945,-0.0026616270188242197,-0.008520697243511677,0.0031956976745277643,0.3040061295032501,-9.169217109680176,0.127486452460289
2025-03-07 02:20:34.493372,320,240,20,20,4.8529402305022815,-0.0021293016616255045,-0.004792673978954554,-0.0015969761880114675,0.3040061295032501,-9.169217109680176,0.10787314921617508
2025-03-07 02:20:34.529751,320,240,20,20,4.872340231423732,-0.0026616270188242197,-0.005859069991856813,0.0005323254154063761,0.3040061295032501,-9.169217109680176,0.08825984597206116
2025-03-07 02:20:34.571790,320,240,20,20,4.840412729907257,-0.0021293016616255045,-0.004792673978954554,0.0005323254154063761,0.3040061295032501,-9.169217109680176,0.08825984597206116
2025-03-07 02:20:34.608703,320,240,20,20,4.905087732979155,0.0010646508308127522,-0.005324999336153269,0.0021293016616255045,0.3040061295032501,-9.169217109680176,0.08825984597206116
2025-03-07 02:20:34.644728,320,240,20,20,4.831082729464105,0.0005323254154063761,-0.005859069991856813,0.004260348621755838,0.3040061295032501,-9.169217109680176,0.06864655017852783
2025-03-07 02:20:34.687939,320,240,20,20,4.884665232009138,0.004260348621755838,-0.0010646508308127522,0.0015969761880114675,0.3040061295032501,-9.169217109680176,0.08825984597206116
2025-03-07 02:20:34.727947,320,240,20,20,4.846985230219434,-0.0031956976745277643,-0.0026616270188242197,0.0005323254154063761,0.3040061295032501,-9.169217109680176,0.08825984597206116
2025-03-07 02:20:34.766076,320,240,20,20,4.86392773102416,-0.0026616270188242197,-0.008520697243511677,0.0021293016616255045,0.3040061295032501,-9.169217109680176,0.08825984597206116
2025-03-07 02:20:34.803399,320,240,20,20,4.854400230571628,-0.003728023264557123,-0.004260348621755838,0.006391395349055529,0.3040061295032501,-9.149603843688965,0.06864655017852783
2025-03-07 02:20:34.836256,320,240,20,20,4.828847729357949,-0.0015969761880114675,-0.006391395349055529,0.0015969761880114675,0.2843928337097168,-9.169217109680176,0.08825984597206116
2025-03-07 02:20:34.866953,320,240,20,20,4.862715230966569,-0.0010646508308127522,-0.006391395349055529,-0.0005323254154063761,0.2843928337097168,-9.169217109680176,0.08825984597206116
2025-03-07 02:20:34.905218,320,240,20,20,4.904197732936882,-0.0010646508308127522,-0.006391395349055529,0.0031956976745277643,0.2843928337097168,-9.169217109680176,0.08825984597206116
2025-03-07 02:20:34.938663,320,240,20,20,4.858645230773254,-0.0021293016616255045,-0.005324999336153269,0.0005323254154063761,0.3040061295032501,-9.169217109680176,0.08825984597206116
2025-03-07 02:20:34.974703,320,240,20,20,4.89869023267529,-0.004792673978954554,-0.007988371886312962,0.0021293016616255045,0.3040061295032501,-9.169217109680176,0.08825984597206116
2025-03-07 02:20:35.007148,320,240,20,20,4.902505232856493,0.0026616270188242197,-0.0031956976745277643,0.0,0.3040061295032501,-9.169217109680176,0.08825984597206116
2025-03-07 02:20:35.036618,320,240,20,20,4.885572732052242,-0.0015969761880114675,-0.006391395349055529,0.005859069991856813,0.3040061295032501,-9.169217109680176,0.08825984597206116
2025-03-07 02:20:35.065846,320,240,20,20,4.841025229936349,-0.0015969761880114675,-0.006391395349055529,0.0026616270188242197,0.3040061295032501,-9.169217109680176,0.08825984597206116
2025-03-07 02:20:35.095530,320,240,20,20,4.874460231524426,0.0015969761880114675,-0.007988371886312962,0.0015969761880114675,0.3040061295032501,-9.169217109680176,0.08825984597206116
2025-03-07 02:20:35.124731,320,240,20,20,4.868235231228755,-0.0026616270188242197,-0.009587093256413937,0.0010646508308127522,0.2843928337097168,-9.169217109680176,0.10787314921617508
2025-03-07 02:20:35.153942,320,240,20,20,4.8934302324254535,-0.005859069991856813,-0.004792673978954554,-0.0005323254154063761,0.3040061295032501,-9.169217109680176,0.10787314921617508
2025-03-07 02:20:35.183466,320,240,20,20,4.923557733856432,0.0026616270188242197,-0.004792673978954554,0.0031956976745277643,0.3040061295032501,-9.169217109680176,0.08825984597206116
2025-03-07 02:20:35.222155,320,240,20,20,4.875122731555893,-0.006923720706254244,-0.007988371886312962,0.0015969761880114675,0.2843928337097168,-9.149603843688965,0.06864655017852783
2025-03-07 02:20:35.259465,320,240,20,20,4.865975231121411,0.0026616270188242197,-0.007988371886312962,0.003728023264557123,0.2843928337097168,-9.169217109680176,0.10787314921617508
2025-03-07 02:20:35.296982,320,240,20,20,4.87889023173484,0.0,-0.004792673978954554,0.0005323254154063761,0.3040061295032501,-9.169217109680176,0.10787314921617508
2025-03-07 02:20:35.335482,320,240,20,20,4.863177730988537,-0.0031956976745277643,-0.005859069991856813,-0.0026616270188242197,0.3040061295032501,-9.169217109680176,0.08825984597206116
2025-03-07 02:20:35.372493,320,240,20,20,4.937885234536952,-0.0005323254154063761,-0.006391395349055529,0.004260348621755838,0.3040061295032501,-9.149603843688965,0.08825984597206116
2025-03-07 02:20:35.410088,320,240,20,20,4.876147731604578,0.0031956976745277643,-0.0031956976745277643,0.0015969761880114675,0.3040061295032501,-9.169217109680176,0.06864655017852783
2025-03-07 02:20:35.448720,320,240,20,20,4.850332730378431,0.0005323254154063761,-0.007456046529114246,0.004260348621755838,0.3040061295032501,-9.169217109680176,0.10787314921617508
2025-03-07 02:20:35.485690,320,240,20,20,4.879775231776875,-0.0026616270188242197,-0.004792673978954554,0.0031956976745277643,0.2843928337097168,-9.169217109680176,0.08825984597206116
2025-03-07 02:20:35.522734,320,240,20,20,4.877237731656351,-0.003728023264557123,-0.006391395349055529,0.0026616270188242197,0.3040061295032501,-9.169217109680176,0.10787314921617508
2025-03-07 02:20:35.556372,320,240,20,20,4.894420232472475,0.0005323254154063761,-0.009587093256413937,-0.0010646508308127522,0.3040061295032501,-9.188830375671387,0.08825984597206116
2025-03-07 02:20:35.585907,320,240,20,20,4.891392732328677,-0.004792673978954554,-0.006923720706254244,0.005324999336153269,0.3040061295032501,-9.169217109680176,0.08825984597206116
2025-03-07 02:20:35.616972,320,240,20,20,4.844135230084066,0.0021293016616255045,-0.003728023264557123,0.0026616270188242197,0.3040061295032501,-9.169217109680176,0.08825984597206116
2025-03-07 02:20:35.653034,320,240,20,20,4.887037732121826,0.0,-0.004792673978954554,0.0010646508308127522,0.3040061295032501,-9.149603843688965,0.10787314921617508
2025-03-07 02:20:35.683336,320,240,20,20,4.8236727291121495,0.0005323254154063761,-0.009587093256413937,0.0005323254154063761,0.2843928337097168,-9.149603843688965,0.10787314921617508
2025-03-07 02:20:35.721155,320,240,20,20,4.88812273217336,-0.003728023264557123,-0.008520697243511677,0.0026616270188242197,0.2843928337097168,-9.169217109680176,0.08825984597206116
2025-03-07 02:20:35.751361,320,240,20,20,4.876725231632008,-0.0010646508308127522,-0.006923720706254244,0.004260348621755838,0.3040061295032501,-9.169217109680176,0.08825984597206116
2025-03-07 02:20:35.787094,320,240,20,20,4.853312730519974,0.0015969761880114675,-0.009587093256413937,0.0,0.3040061295032501,-9.149603843688965,0.08825984597206116
2025-03-07 02:20:35.818296,320,240,20,20,4.88052273181238,0.0026616270188242197,-0.0015969761880114675,0.0005323254154063761,0.3040061295032501,-9.169217109680176,0.08825984597206116
2025-03-07 02:20:35.850436,320,240,20,20,4.8871352321264565,-0.0005323254154063761,-0.003728023264557123,-0.0031956976745277643,0.3040061295032501,-9.149603843688965,0.08825984597206116
2025-03-07 02:20:35.887797,320,240,20,20,4.856470230669947,-0.0026616270188242197,-0.0021293016616255045,0.0015969761880114675,0.2843928337097168,-9.169217109680176,0.08825984597206116
2025-03-07 02:20:35.917540,320,240,20,20,4.856545230673509,-0.0005323254154063761,-0.007456046529114246,0.0031956976745277643,0.3040061295032501,-9.169217109680176,0.06864655017852783
2025-03-07 02:20:35.952751,320,240,20,20,4.906682733054913,-0.005324999336153269,-0.004792673978954554,0.0,0.3040061295032501,-9.169217109680176,0.10787314921617508
2025-03-07 02:20:35.985029,320,240,20,20,4.874377731520508,-0.0015969761880114675,-0.0015969761880114675,-0.0010646508308127522,0.3040061295032501,-9.169217109680176,0.08825984597206116
2025-03-07 02:20:36.017664,320,240,20,20,4.893385232423316,0.0026616270188242197,-0.0015969761880114675,0.0031956976745277643,0.2843928337097168,-9.169217109680176,0.08825984597206116
2025-03-07 02:20:36.053188,320,240,20,20,4.9076227330995605,-0.0021293016616255045,-0.005324999336153269,0.0026616270188242197,0.3040061295032501,-9.169217109680176,0.08825984597206116
2025-03-07 02:20:36.083900,320,240,20,20,4.855167730608082,-0.0021293016616255045,-0.006391395349055529,0.0021293016616255045,0.3040061295032501,-9.169217109680176,0.10787314921617508
2025-03-07 02:20:36.123029,320,240,20,20,4.867247731181851,-0.0021293016616255045,-0.006391395349055529,0.0,0.3040061295032501,-9.169217109680176,0.08825984597206116
2025-03-07 02:20:36.152550,320,240,20,20,4.871185231368872,0.0,-0.003728023264557123,0.0005323254154063761,0.3040061295032501,-9.169217109680176,0.10787314921617508
2025-03-07 02:20:36.183353,320,240,20,20,4.896197732556902,0.0015969761880114675,-0.007988371886312962,-0.0021293016616255045,0.3040061295032501,-9.169217109680176,0.10787314921617508
2025-03-07 02:20:36.221743,320,240,20,20,4.846830230212072,0.0005323254154063761,-0.006391395349055529,0.0031956976745277643,0.3040061295032501,-9.169217109680176,0.10787314921617508
2025-03-07 02:20:36.251691,320,240,20,20,4.8502352303738006,-0.0010646508308127522,-0.006391395349055529,0.005859069991856813,0.3040061295032501,-9.169217109680176,0.10787314921617508
2025-03-07 02:20:36.285234,320,240,20,20,4.872660231438931,0.0026616270188242197,-0.007988371886312962,0.0026616270188242197,0.3040061295032501,-9.169217109680176,0.08825984597206116
2025-03-07 02:20:36.319120,320,240,20,20,4.908782733154657,0.0,-0.003728023264557123,0.0015969761880114675,0.3040061295032501,-9.169217109680176,0.10787314921617508
2025-03-07 02:20:36.350651,320,240,20,20,4.9010152327857215,-0.0015969761880114675,-0.007456046529114246,0.0015969761880114675,0.2843928337097168,-9.169217109680176,0.08825984597206116
2025-03-07 02:20:36.387983,320,240,20,20,4.869957731310569,0.0015969761880114675,-0.008520697243511677,0.0026616270188242197,0.3040061295032501,-9.169217109680176,0.06864655017852783
2025-03-07 02:20:36.417284,320,240,20,20,4.890552732288779,-0.0021293016616255045,-0.011718139983713627,0.0015969761880114675,0.3040061295032501,-9.149603843688965,0.08825984597206116
2025-03-07 02:20:36.453689,320,240,20,20,4.8324052295269215,0.003728023264557123,-0.004260348621755838,0.0005323254154063761,0.2843928337097168,-9.169217109680176,0.08825984597206116
2025-03-07 02:20:36.484268,320,240,20,20,4.867145231176982,0.0,-0.003728023264557123,0.004792673978954554,0.2843928337097168,-9.169217109680176,0.08825984597206116
2025-03-07 02:20:36.521996,320,240,20,20,4.8965777325749515,-0.004260348621755838,-0.010119418613612652,0.004260348621755838,0.3040061295032501,-9.169217109680176,0.08825984597206116
2025-03-07 02:20:36.551867,320,240,20,20,4.895597732528404,-0.0031956976745277643,-0.006391395349055529,0.0021293016616255045,0.2843928337097168,-9.169217109680176,0.08825984597206116
2025-03-07 02:20:36.585963,320,240,20,20,4.883490231953329,0.0015969761880114675,-0.0021293016616255045,0.0031956976745277643,0.3040061295032501,-9.169217109680176,0.10787314921617508
2025-03-07 02:20:36.617762,320,240,20,20,4.885010232025524,-0.0031956976745277643,-0.007988371886312962,0.004792673978954554,0.3040061295032501,-9.169217109680176,0.08825984597206116
2025-03-07 02:20:36.653530,320,240,20,20,4.882415231902269,0.0015969761880114675,-0.006923720706254244,0.0021293016616255045,0.3040061295032501,-9.188830375671387,0.08825984597206116
2025-03-07 02:20:36.684748,320,240,20,20,4.811177728518669,-0.0010646508308127522,-0.006923720706254244,0.004792673978954554,0.3040061295032501,-9.169217109680176,0.06864655017852783
2025-03-07 02:20:36.719208,320,240,20,20,4.864895231070113,-0.0010646508308127522,-0.005324999336153269,0.006391395349055529,0.3040061295032501,-9.169217109680176,0.08825984597206116
2025-03-07 02:20:36.751988,320,240,20,20,4.8725002314313315,-0.0026616270188242197,-0.006923720706254244,0.0010646508308127522,0.3040061295032501,-9.169217109680176,0.08825984597206116
2025-03-07 02:20:36.786095,320,240,20,20,4.896645232578157,-0.0005323254154063761,-0.007988371886312962,-0.0005323254154063761,0.2843928337097168,-9.169217109680176,0.10787314921617508
2025-03-07 02:20:36.818423,320,240,20,20,4.897805232633255,-0.0015969761880114675,-0.005859069991856813,0.0010646508308127522,0.3040061295032501,-9.169217109680176,0.06864655017852783
2025-03-07 02:20:36.852184,320,240,20,20,4.816937728792254,-0.0031956976745277643,-0.004260348621755838,-0.0010646508308127522,0.3040061295032501,-9.169217109680176,0.08825984597206116
2025-03-07 02:20:36.891725,320,240,20,20,4.858837730782398,-0.0026616270188242197,-0.006923720706254244,0.0021293016616255045,0.3040061295032501,-9.149603843688965,0.08825984597206116
2025-03-07 02:20:36.927080,320,240,20,20,4.864010231028078,-0.0010646508308127522,-0.003728023264557123,0.004260348621755838,0.3040061295032501,-9.188830375671387,0.08825984597206116
2025-03-07 02:20:36.967853,320,240,20,20,4.907362733087211,-0.0005323254154063761,-0.009587093256413937,0.0021293016616255045,0.2843928337097168,-9.169217109680176,0.08825984597206116
2025-03-07 02:20:37.008240,320,240,20,20,4.880155231794925,0.0010646508308127522,-0.003728023264557123,0.0010646508308127522,0.2843928337097168,-9.169217109680176,0.08825984597206116
2025-03-07 02:20:37.044682,320,240,20,20,4.822055229035323,0.0,-0.0015969761880114675,-0.003728023264557123,0.2843928337097168,-9.149603843688965,0.06864655017852783
2025-03-07 02:20:37.083351,320,240,20,20,4.863692731012998,0.0010646508308127522,-0.006391395349055529,-0.0010646508308127522,0.3040061295032501,-9.169217109680176,0.10787314921617508
2025-03-07 02:20:37.117316,320,240,20,20,4.835967729696131,-0.0005323254154063761,-0.008520697243511677,0.003728023264557123,0.3040061295032501,-9.169217109680176,0.06864655017852783
2025-03-07 02:20:37.146785,320,240,20,20,4.856200230657123,0.0021293016616255045,-0.0015969761880114675,0.005324999336153269,0.3040061295032501,-9.169217109680176,0.06864655017852783
2025-03-07 02:20:37.175892,320,240,20,20,4.86287273097405,-0.0010646508308127522,-0.009054767899215221,-0.0010646508308127522,0.2843928337097168,-9.169217109680176,0.06864655017852783
2025-03-07 02:20:37.205385,320,240,20,20,4.8720527314100766,0.0015969761880114675,-0.0031956976745277643,0.0026616270188242197,0.3040061295032501,-9.169217109680176,0.08825984597206116
2025-03-07 02:20:37.234775,320,240,20,20,4.87974523177545,0.0015969761880114675,-0.007988371886312962,0.0021293016616255045,0.3040061295032501,-9.169217109680176,0.08825984597206116
2025-03-07 02:20:37.263957,320,240,20,20,4.874347731519083,0.0021293016616255045,-0.008520697243511677,0.0031956976745277643,0.3040061295032501,-9.169217109680176,0.08825984597206116
2025-03-07 02:20:37.301764,320,240,20,20,4.9037652329163395,-0.0015969761880114675,-0.009054767899215221,0.0015969761880114675,0.3040061295032501,-9.169217109680176,0.06864655017852783
2025-03-07 02:20:37.343350,320,240,20,20,4.847855230260757,-0.0031956976745277643,-0.0015969761880114675,0.0,0.3040061295032501,-9.169217109680176,0.08825984597206116
