2025-03-07 02:08:52.348736,320,240,20,20,7.262097844931122,-0.0021293016616255045,-0.005324999336153269,0.0021293016616255045,0.24516624212265015,-9.169217109680176,0.14709974825382233
2025-03-07 02:08:52.418342,320,240,20,20,7.458332854251784,-0.0010646508308127522,-0.006923720706254244,0.0,0.24516624212265015,-9.188830375671387,0.127486452460289
2025-03-07 02:08:52.491303,320,240,20,20,7.457587854216399,-0.004792673978954554,-0.007456046529114246,0.0015969761880114675,0.24516624212265015,-9.188830375671387,0.18632633984088898
2025-03-07 02:08:52.539220,320,240,20,20,7.447867853754724,0.0010646508308127522,0.0005323254154063761,-0.0010646508308127522,0.24516624212265015,-9.188830375671387,0.16671304404735565
2025-03-07 02:08:52.584214,320,240,20,20,7.557225358948926,-0.0010646508308127522,-0.007456046529114246,0.0021293016616255045,0.24516624212265015,-9.169217109680176,0.16671304404735565
2025-03-07 02:08:52.627110,320,240,20,20,7.346445348937413,-0.005324999336153269,-0.006391395349055529,0.005324999336153269,0.26477953791618347,-9.188830375671387,0.14709974825382233
2025-03-07 02:08:52.671494,320,240,20,20,7.46841035473044,0.0010646508308127522,-0.003728023264557123,-0.0015969761880114675,0.26477953791618347,-9.188830375671387,0.127486452460289
2025-03-07 02:08:52.715681,320,240,20,20,7.44938785382692,-0.0026616270188242197,-0.010119418613612652,0.0015969761880114675,0.24516624212265015,-9.188830375671387,0.14709974825382233
2025-03-07 02:08:52.762962,320,240,20,20,7.487012855614012,0.0026616270188242197,-0.004260348621755838,0.0,0.24516624212265015,-9.188830375671387,0.14709974825382233
2025-03-07 02:08:52.805644,320,240,20,20,7.508195356620126,-0.0026616270188242197,-0.003728023264557123,0.0015969761880114675,0.24516624212265015,-9.169217109680176,0.16671304404735565
2025-03-07 02:08:52.840211,320,240,20,20,7.553862858789216,-0.0005323254154063761,-0.007456046529114246,0.0,0.2843928337097168,-9.188830375671387,0.16671304404735565
2025-03-07 02:08:52.870482,320,240,20,20,7.458025354237179,0.0021293016616255045,-0.006391395349055529,0.0031956976745277643,0.24516624212265015,-9.188830375671387,0.127486452460289
2025-03-07 02:08:52.900592,320,240,20,20,7.450427853876318,0.0021293016616255045,-0.006391395349055529,0.0010646508308127522,0.24516624212265015,-9.188830375671387,0.10787314921617508
2025-03-07 02:08:52.931351,320,240,20,20,7.455342854109768,0.010651743970811367,-0.003728023264557123,0.003728023264557123,0.24516624212265015,-9.169217109680176,0.127486452460289
2025-03-07 02:08:52.961877,320,240,20,20,7.4887503556965385,0.003728023264557123,-0.004792673978954554,-0.0005323254154063761,0.26477953791618347,-9.169217109680176,0.18632633984088898
2025-03-07 02:08:52.992052,320,240,20,20,7.424935352665488,0.007988371886312962,-0.004260348621755838,0.0031956976745277643,0.24516624212265015,-9.188830375671387,0.14709974825382233
2025-03-07 02:08:53.021907,320,240,20,20,7.630892862447945,0.009587093256413937,-0.003728023264557123,0.004260348621755838,0.26477953791618347,-9.188830375671387,0.127486452460289
2025-03-07 02:08:53.053563,320,240,20,20,7.606310361280339,0.008520697243511677,-0.006923720706254244,-0.0010646508308127522,0.24516624212265015,-9.188830375671387,0.16671304404735565
2025-03-07 02:08:53.089533,320,240,20,20,7.458535354261403,0.009054767899215221,-0.0015969761880114675,0.005324999336153269,0.24516624212265015,-9.169217109680176,0.10787314921617508
2025-03-07 02:08:53.120806,320,240,20,20,7.553570358775323,0.007988371886312962,-0.0010646508308127522,0.0,0.24516624212265015,-9.188830375671387,0.10787314921617508
2025-03-07 02:08:53.154605,320,240,20,20,7.362005349676474,0.0031956976745277643,-0.006923720706254244,0.0010646508308127522,0.26477953791618347,-9.169217109680176,0.18632633984088898
2025-03-07 02:08:53.190205,320,240,20,20,7.462410354445455,-0.0005323254154063761,-0.009587093256413937,0.003728023264557123,0.24516624212265015,-9.188830375671387,0.16671304404735565
2025-03-07 02:08:53.221644,320,240,20,20,7.443350353540154,0.004260348621755838,-0.003728023264557123,0.0021293016616255045,0.24516624212265015,-9.188830375671387,0.127486452460289
2025-03-07 02:08:53.256178,320,240,20,20,7.455247854105255,0.0010646508308127522,-0.004792673978954554,0.0021293016616255045,0.24516624212265015,-9.169217109680176,0.10787314921617508
2025-03-07 02:08:53.287510,320,240,20,20,7.487975355659728,-0.0031956976745277643,-0.007988371886312962,0.0005323254154063761,0.24516624212265015,-9.188830375671387,0.127486452460289
2025-03-07 02:08:53.325207,320,240,20,20,7.42943035287899,0.0,-0.005324999336153269,0.0,0.24516624212265015,-9.188830375671387,0.16671304404735565
2025-03-07 02:08:53.355824,320,240,20,20,7.409860351949464,-0.0021293016616255045,-0.006391395349055529,0.0010646508308127522,0.24516624212265015,-9.169217109680176,0.14709974825382233
2025-03-07 02:08:53.387913,320,240,20,20,7.506730356550543,-0.0015969761880114675,-0.009054767899215221,0.0010646508308127522,0.24516624212265015,-9.169217109680176,0.16671304404735565
2025-03-07 02:08:53.425245,320,240,20,20,7.487777855650347,0.0005323254154063761,-0.0031956976745277643,0.0021293016616255045,0.26477953791618347,-9.188830375671387,0.16671304404735565
2025-03-07 02:08:53.456403,320,240,20,20,7.513995356895611,-0.003728023264557123,-0.0021293016616255045,-0.0010646508308127522,0.24516624212265015,-9.169217109680176,0.127486452460289
2025-03-07 02:08:53.487633,320,240,20,20,7.327375348031637,-0.003728023264557123,-0.006391395349055529,0.0026616270188242197,0.24516624212265015,-9.169217109680176,0.127486452460289
2025-03-07 02:08:53.521784,320,240,20,20,7.40706285181659,-0.0010646508308127522,-0.007988371886312962,0.005324999336153269,0.26477953791618347,-9.188830375671387,0.16671304404735565
2025-03-07 02:08:53.554729,320,240,20,20,7.525792857455963,-0.006391395349055529,-0.0005323254154063761,0.005859069991856813,0.26477953791618347,-9.188830375671387,0.16671304404735565
2025-03-07 02:08:53.609381,320,240,20,20,7.618122861841402,-0.006923720706254244,-0.005324999336153269,0.003728023264557123,0.24516624212265015,-9.169217109680176,0.16671304404735565
2025-03-07 02:08:53.664788,320,240,20,20,7.495720356027595,-0.0005323254154063761,-0.007988371886312962,0.004260348621755838,0.24516624212265015,-9.188830375671387,0.14709974825382233
2025-03-07 02:08:53.717142,320,240,20,20,7.470057854808692,-0.0005323254154063761,-0.008520697243511677,0.0010646508308127522,0.24516624212265015,-9.188830375671387,0.127486452460289
2025-03-07 02:08:53.781400,320,240,20,20,7.516057856993575,-0.004260348621755838,-0.004260348621755838,0.0010646508308127522,0.24516624212265015,-9.188830375671387,0.16671304404735565
2025-03-07 02:08:53.845271,320,240,20,20,7.491270355816232,-0.004260348621755838,-0.007988371886312962,0.0005323254154063761,0.24516624212265015,-9.188830375671387,0.14709974825382233
2025-03-07 02:08:53.907507,320,240,20,20,7.520172857189027,0.0031956976745277643,-0.006923720706254244,0.004792673978954554,0.24516624212265015,-9.169217109680176,0.14709974825382233
2025-03-07 02:08:53.971207,320,240,20,20,7.446090353670297,0.0010646508308127522,-0.004792673978954554,0.0015969761880114675,0.24516624212265015,-9.169217109680176,0.14709974825382233
2025-03-07 02:08:54.033709,320,240,20,20,7.417917852332176,-0.004260348621755838,-0.009054767899215221,0.0010646508308127522,0.24516624212265015,-9.188830375671387,0.16671304404735565
2025-03-07 02:08:54.095086,320,240,20,20,7.543532858298567,-0.0005323254154063761,-0.0015969761880114675,0.0015969761880114675,0.24516624212265015,-9.188830375671387,0.14709974825382233
2025-03-07 02:08:54.154610,320,240,20,20,7.4437778535604595,-0.0015969761880114675,-0.005324999336153269,-0.0015969761880114675,0.26477953791618347,-9.169217109680176,0.14709974825382233
2025-03-07 02:08:54.192532,320,240,20,20,7.612232861561642,0.0005323254154063761,-0.005324999336153269,0.0021293016616255045,0.24516624212265015,-9.169217109680176,0.14709974825382233
2025-03-07 02:08:54.245760,320,240,20,20,7.473362854965671,-0.0010646508308127522,-0.004260348621755838,0.0,0.26477953791618347,-9.188830375671387,0.16671304404735565
2025-03-07 02:08:54.302840,320,240,20,20,7.3632403497351335,-0.0026616270188242197,-0.011184069328010082,0.003728023264557123,0.24516624212265015,-9.169217109680176,0.127486452460289
2025-03-07 02:08:54.338527,320,240,20,20,7.466007854616327,-0.0015969761880114675,-0.0031956976745277643,0.0015969761880114675,0.26477953791618347,-9.188830375671387,0.16671304404735565
2025-03-07 02:08:54.368515,320,240,20,20,7.538802858073905,-0.0021293016616255045,-0.007456046529114246,0.0015969761880114675,0.26477953791618347,-9.188830375671387,0.16671304404735565
2025-03-07 02:08:54.397559,320,240,20,20,7.430447852927318,-0.0031956976745277643,-0.004260348621755838,0.0005323254154063761,0.24516624212265015,-9.188830375671387,0.127486452460289
2025-03-07 02:08:54.433263,320,240,20,20,7.489010355708888,-0.0005323254154063761,-0.006923720706254244,0.003728023264557123,0.24516624212265015,-9.188830375671387,0.14709974825382233
2025-03-07 02:08:54.462847,320,240,20,20,7.496937856085424,0.0010646508308127522,-0.010119418613612652,0.0026616270188242197,0.26477953791618347,-9.188830375671387,0.16671304404735565
2025-03-07 02:08:54.492329,320,240,20,20,7.438407853305398,0.0015969761880114675,-0.0015969761880114675,0.003728023264557123,0.24516624212265015,-9.188830375671387,0.16671304404735565
2025-03-07 02:08:54.521984,320,240,20,20,7.473917854992033,-0.0010646508308127522,-0.004792673978954554,0.0026616270188242197,0.24516624212265015,-9.188830375671387,0.14709974825382233
2025-03-07 02:08:54.576686,320,240,20,20,7.464295354534988,-0.0010646508308127522,-0.0026616270188242197,0.006391395349055529,0.26477953791618347,-9.169217109680176,0.16671304404735565
2025-03-07 02:08:54.613894,320,240,20,20,7.43273285303585,-0.0005323254154063761,0.0,0.0005323254154063761,0.26477953791618347,-9.188830375671387,0.16671304404735565
2025-03-07 02:08:54.645344,320,240,20,20,7.524377857388754,-0.0021293016616255045,-0.006391395349055529,0.0005323254154063761,0.24516624212265015,-9.169217109680176,0.14709974825382233
2025-03-07 02:08:54.675777,320,240,20,20,7.394270351208979,-0.0015969761880114675,-0.005324999336153269,0.003728023264557123,0.24516624212265015,-9.188830375671387,0.14709974825382233
2025-03-07 02:08:54.705596,320,240,20,20,7.551715358687216,-0.003728023264557123,-0.004792673978954554,0.0010646508308127522,0.26477953791618347,-9.188830375671387,0.16671304404735565
2025-03-07 02:08:54.735613,320,240,20,20,7.548392858529406,-0.003728023264557123,-0.004792673978954554,0.004260348621755838,0.24516624212265015,-9.169217109680176,0.14709974825382233
2025-03-07 02:08:54.765334,320,240,20,20,7.571717859637284,-0.0021293016616255045,-0.006923720706254244,0.0,0.24516624212265015,-9.169217109680176,0.14709974825382233
2025-03-07 02:08:54.794956,320,240,20,20,7.441670353460358,-0.0015969761880114675,-0.004260348621755838,0.0,0.26477953791618347,-9.169217109680176,0.14709974825382233
2025-03-07 02:08:54.825010,320,240,20,20,7.53001785765664,-0.0021293016616255045,-0.006923720706254244,0.005324999336153269,0.24516624212265015,-9.169217109680176,0.16671304404735565
2025-03-07 02:08:54.881462,320,240,20,20,7.415730352228275,-0.0005323254154063761,-0.006923720706254244,0.0026616270188242197,0.26477953791618347,-9.188830375671387,0.127486452460289
2025-03-07 02:08:54.944765,320,240,20,20,7.337800348526798,0.0015969761880114675,-0.005324999336153269,-0.0021293016616255045,0.24516624212265015,-9.188830375671387,0.16671304404735565
2025-03-07 02:08:55.000062,320,240,20,20,7.495060355996247,0.0005323254154063761,-0.006391395349055529,0.0010646508308127522,0.26477953791618347,-9.169217109680176,0.16671304404735565
2025-03-07 02:08:55.048497,320,240,20,20,7.439815353372251,-0.0021293016616255045,-0.0015969761880114675,0.0021293016616255045,0.26477953791618347,-9.169217109680176,0.127486452460289
2025-03-07 02:08:55.094572,320,240,20,20,7.413092852103,-0.004792673978954554,0.0,0.0026616270188242197,0.24516624212265015,-9.188830375671387,0.14709974825382233
2025-03-07 02:08:55.141915,320,240,20,20,7.583735360208084,-0.0010646508308127522,-0.005859069991856813,0.0,0.26477953791618347,-9.188830375671387,0.14709974825382233
2025-03-07 02:08:55.187148,320,240,20,20,7.464422854541044,0.0,-0.006391395349055529,0.0026616270188242197,0.24516624212265015,-9.188830375671387,0.14709974825382233
2025-03-07 02:08:55.225068,320,240,20,20,7.523042857325345,-0.005324999336153269,-0.008520697243511677,0.004792673978954554,0.26477953791618347,-9.169217109680176,0.127486452460289
2025-03-07 02:08:55.256520,320,240,20,20,7.462935354470392,-0.004792673978954554,-0.005324999336153269,0.004792673978954554,0.26477953791618347,-9.188830375671387,0.14709974825382233
2025-03-07 02:08:55.291640,320,240,20,20,7.436422853211115,-0.0015969761880114675,-0.005324999336153269,0.0010646508308127522,0.24516624212265015,-9.188830375671387,0.127486452460289
2025-03-07 02:08:55.321921,320,240,20,20,7.478370355203515,-0.003728023264557123,-0.0026616270188242197,0.003728023264557123,0.24516624212265015,-9.169217109680176,0.16671304404735565
2025-03-07 02:08:55.357268,320,240,20,20,7.487067855616624,-0.0026616270188242197,-0.006391395349055529,0.0015969761880114675,0.26477953791618347,-9.188830375671387,0.14709974825382233
2025-03-07 02:08:55.389318,320,240,20,20,7.436317853206129,-0.0010646508308127522,-0.006391395349055529,-0.0015969761880114675,0.24516624212265015,-9.169217109680176,0.16671304404735565
2025-03-07 02:08:55.423467,320,240,20,20,7.4392128533436335,-0.0026616270188242197,-0.009054767899215221,0.0,0.24516624212265015,-9.169217109680176,0.14709974825382233
2025-03-07 02:08:55.455381,320,240,20,20,7.429580352886115,-0.0005323254154063761,-0.004260348621755838,0.0010646508308127522,0.24516624212265015,-9.188830375671387,0.14709974825382233
2025-03-07 02:08:55.493678,320,240,20,20,7.547935358507675,-0.0031956976745277643,-0.004792673978954554,0.0031956976745277643,0.24516624212265015,-9.188830375671387,0.14709974825382233
2025-03-07 02:08:55.524471,320,240,20,20,7.450617853885342,-0.0010646508308127522,-0.005859069991856813,0.0010646508308127522,0.24516624212265015,-9.188830375671387,0.127486452460289
2025-03-07 02:08:55.555082,320,240,20,20,7.443720353557728,0.0010646508308127522,-0.0031956976745277643,0.0010646508308127522,0.26477953791618347,-9.188830375671387,0.14709974825382233
2025-03-07 02:08:55.591386,320,240,20,20,7.514522856920666,-0.0010646508308127522,-0.007456046529114246,0.0021293016616255045,0.26477953791618347,-9.169217109680176,0.14709974825382233
2025-03-07 02:08:55.621814,320,240,20,20,7.518120357091538,-0.0026616270188242197,-0.005324999336153269,0.0031956976745277643,0.2843928337097168,-9.188830375671387,0.14709974825382233
2025-03-07 02:08:55.658889,320,240,20,20,7.396135351297562,-0.0026616270188242197,-0.007988371886312962,0.003728023264557123,0.26477953791618347,-9.188830375671387,0.127486452460289
2025-03-07 02:08:55.689107,320,240,20,20,7.495882856035314,-0.004792673978954554,-0.003728023264557123,0.0005323254154063761,0.24516624212265015,-9.188830375671387,0.14709974825382233
2025-03-07 02:08:55.724108,320,240,20,20,7.540967858176737,-0.0015969761880114675,-0.0026616270188242197,-0.0005323254154063761,0.24516624212265015,-9.169217109680176,0.14709974825382233
2025-03-07 02:08:55.756357,320,240,20,20,7.4591653542913265,-0.0010646508308127522,-0.006391395349055529,0.0021293016616255045,0.26477953791618347,-9.169217109680176,0.16671304404735565
2025-03-07 02:08:55.790748,320,240,20,20,7.522980357322377,-0.0015969761880114675,-0.007456046529114246,0.0031956976745277643,0.24516624212265015,-9.188830375671387,0.14709974825382233
2025-03-07 02:08:55.833424,320,240,20,20,7.459335354299401,-0.0015969761880114675,-0.005324999336153269,-0.0031956976745277643,0.24516624212265015,-9.188830375671387,0.14709974825382233
2025-03-07 02:08:55.875180,320,240,20,20,7.520507857204938,0.0010646508308127522,-0.003728023264557123,0.0026616270188242197,0.24516624212265015,-9.169217109680176,0.14709974825382233
2025-03-07 02:08:55.913723,320,240,20,20,7.419112852388935,0.0015969761880114675,-0.009054767899215221,-0.0005323254154063761,0.24516624212265015,-9.188830375671387,0.14709974825382233
2025-03-07 02:08:55.954221,320,240,20,20,7.525355357435183,-0.004260348621755838,-0.005324999336153269,0.005859069991856813,0.24516624212265015,-9.188830375671387,0.127486452460289
2025-03-07 02:08:56.008582,320,240,20,20,7.6182428618471025,0.0,-0.0026616270188242197,0.0031956976745277643,0.24516624212265015,-9.188830375671387,0.14709974825382233
2025-03-07 02:08:56.061878,320,240,20,20,7.564215359280934,-0.003728023264557123,-0.007988371886312962,0.004260348621755838,0.24516624212265015,-9.169217109680176,0.16671304404735565
2025-03-07 02:08:56.101709,320,240,20,20,7.41044535197725,0.0010646508308127522,-0.004260348621755838,0.004260348621755838,0.24516624212265015,-9.169217109680176,0.127486452460289
2025-03-07 02:08:56.142577,320,240,20,20,7.5429503582709,-0.0015969761880114675,-0.007456046529114246,0.0031956976745277643,0.24516624212265015,-9.169217109680176,0.14709974825382233
2025-03-07 02:08:56.176305,320,240,20,20,7.515487856966502,-0.003728023264557123,-0.0026616270188242197,0.0026616270188242197,0.24516624212265015,-9.169217109680176,0.14709974825382233
2025-03-07 02:08:56.206244,320,240,20,20,7.467422854683536,-0.0015969761880114675,-0.0021293016616255045,-0.0015969761880114675,0.24516624212265015,-9.188830375671387,0.14709974825382233
2025-03-07 02:08:56.237519,320,240,20,20,7.660350363847101,-0.004260348621755838,-0.0021293016616255045,0.0005323254154063761,0.24516624212265015,-9.188830375671387,0.16671304404735565
2025-03-07 02:08:56.267518,320,240,20,20,7.496115356046357,0.0015969761880114675,-0.004260348621755838,-0.0010646508308127522,0.26477953791618347,-9.188830375671387,0.127486452460289
2025-03-07 02:08:56.297182,320,240,20,20,7.5012553562904944,-0.004260348621755838,-0.005859069991856813,0.0021293016616255045,0.24516624212265015,-9.169217109680176,0.127486452460289
2025-03-07 02:08:56.327056,320,240,20,20,7.4081978518705,0.0005323254154063761,-0.006923720706254244,0.003728023264557123,0.24516624212265015,-9.188830375671387,0.14709974825382233
2025-03-07 02:08:56.357107,320,240,20,20,7.530062857658777,-0.0015969761880114675,-0.005859069991856813,0.0010646508308127522,0.24516624212265015,-9.188830375671387,0.16671304404735565
2025-03-07 02:08:56.388183,320,240,20,20,7.597342860854406,-0.0015969761880114675,-0.005324999336153269,0.0021293016616255045,0.24516624212265015,-9.169217109680176,0.16671304404735565
2025-03-07 02:08:56.429426,320,240,20,20,7.488785355698201,-0.004260348621755838,-0.005324999336153269,-0.0015969761880114675,0.24516624212265015,-9.169217109680176,0.14709974825382233
2025-03-07 02:08:56.468982,320,240,20,20,7.475742855078716,-0.0031956976745277643,-0.005324999336153269,0.004792673978954554,0.24516624212265015,-9.169217109680176,0.14709974825382233
2025-03-07 02:08:56.507195,320,240,20,20,7.470675354838022,-0.0010646508308127522,-0.009054767899215221,0.0010646508308127522,0.26477953791618347,-9.169217109680176,0.14709974825382233
2025-03-07 02:08:56.546179,320,240,20,20,7.569620359537657,0.0005323254154063761,-0.007456046529114246,0.0005323254154063761,0.26477953791618347,-9.169217109680176,0.14709974825382233
2025-03-07 02:08:56.584456,320,240,20,20,7.458380354254041,-0.005324999336153269,-0.006391395349055529,0.0015969761880114675,0.24516624212265015,-9.169217109680176,0.16671304404735565
2025-03-07 02:08:56.625183,320,240,20,20,7.5257978574562,-0.0015969761880114675,-0.007988371886312962,0.0,0.24516624212265015,-9.188830375671387,0.14709974825382233
2025-03-07 02:08:56.665174,320,240,20,20,7.5117178567874365,-0.0010646508308127522,-0.006391395349055529,-0.0010646508308127522,0.26477953791618347,-9.188830375671387,0.14709974825382233
2025-03-07 02:08:56.705254,320,240,20,20,7.449197853817895,-0.0026616270188242197,-0.007988371886312962,-0.0021293016616255045,0.24516624212265015,-9.169217109680176,0.16671304404735565
2025-03-07 02:08:56.751710,320,240,20,20,7.548297858524893,-0.0005323254154063761,-0.003728023264557123,0.0021293016616255045,0.26477953791618347,-9.188830375671387,0.14709974825382233
2025-03-07 02:08:56.792093,320,240,20,20,7.597032860839681,-0.0010646508308127522,-0.006923720706254244,0.003728023264557123,0.26477953791618347,-9.169217109680176,0.14709974825382233
2025-03-07 02:08:56.833145,320,240,20,20,7.377817850427528,-0.0015969761880114675,-0.006391395349055529,-0.003728023264557123,0.26477953791618347,-9.188830375671387,0.14709974825382233
2025-03-07 02:08:56.874192,320,240,20,20,7.619885361925117,-0.0021293016616255045,-0.007988371886312962,0.003728023264557123,0.26477953791618347,-9.169217109680176,0.14709974825382233
2025-03-07 02:08:56.913102,320,240,20,20,7.515957856988825,-0.0015969761880114675,-0.005859069991856813,-0.0010646508308127522,0.26477953791618347,-9.169217109680176,0.14709974825382233
2025-03-07 02:08:56.953376,320,240,20,20,7.528487857583968,-0.0015969761880114675,-0.005324999336153269,0.0021293016616255045,0.24516624212265015,-9.169217109680176,0.14709974825382233
2025-03-07 02:08:56.991131,320,240,20,20,7.583065360176261,-0.0021293016616255045,-0.007988371886312962,0.0021293016616255045,0.26477953791618347,-9.169217109680176,0.14709974825382233
2025-03-07 02:08:57.029874,320,240,20,20,7.470470354828285,-0.0005323254154063761,-0.009054767899215221,0.0005323254154063761,0.26477953791618347,-9.188830375671387,0.127486452460289
2025-03-07 02:08:57.070963,320,240,20,20,7.591697860586282,-0.0021293016616255045,-0.006391395349055529,-0.0015969761880114675,0.24516624212265015,-9.169217109680176,0.14709974825382233
2025-03-07 02:08:57.116932,320,240,20,20,7.484242855482444,0.0010646508308127522,-0.0026616270188242197,0.0005323254154063761,0.24516624212265015,-9.169217109680176,0.127486452460289
2025-03-07 02:08:57.162493,320,240,20,20,7.495065355996485,-0.0021293016616255045,-0.003728023264557123,0.004260348621755838,0.26477953791618347,-9.169217109680176,0.14709974825382233
2025-03-07 02:08:57.204965,320,240,20,20,7.446842853706039,0.0015969761880114675,-0.006391395349055529,0.0005323254154063761,0.24516624212265015,-9.169217109680176,0.14709974825382233
2025-03-07 02:08:57.250193,320,240,20,20,7.422882852568,0.003728023264557123,-0.004260348621755838,-0.0021293016616255045,0.26477953791618347,-9.169217109680176,0.14709974825382233
2025-03-07 02:08:57.298768,320,240,20,20,7.53680285797891,-0.0031956976745277643,-0.008520697243511677,0.0015969761880114675,0.26477953791618347,-9.188830375671387,0.14709974825382233
2025-03-07 02:08:57.349966,320,240,20,20,7.55904785903549,0.0,-0.006391395349055529,0.004260348621755838,0.26477953791618347,-9.169217109680176,0.16671304404735565
2025-03-07 02:08:57.394483,320,240,20,20,7.411085352007649,-0.0031956976745277643,-0.005859069991856813,0.004260348621755838,0.24516624212265015,-9.169217109680176,0.14709974825382233
2025-03-07 02:08:57.435143,320,240,20,20,7.45322785400931,-0.0010646508308127522,-0.003728023264557123,0.0026616270188242197,0.26477953791618347,-9.169217109680176,0.16671304404735565
2025-03-07 02:08:57.475558,320,240,20,20,7.435162853151269,-0.004260348621755838,-0.007988371886312962,-0.0005323254154063761,0.26477953791618347,-9.188830375671387,0.14709974825382233
2025-03-07 02:08:57.516475,320,240,20,20,7.47682785513025,0.0005323254154063761,-0.0015969761880114675,0.0031956976745277643,0.26477953791618347,-9.169217109680176,0.14709974825382233
2025-03-07 02:08:57.551742,320,240,20,20,7.391235351064824,-0.003728023264557123,-0.005859069991856813,0.0026616270188242197,0.24516624212265015,-9.169217109680176,0.14709974825382233
2025-03-07 02:08:57.582522,320,240,20,20,7.540302858145151,-0.0026616270188242197,-0.004260348621755838,0.0010646508308127522,0.2843928337097168,-9.169217109680176,0.14709974825382233
2025-03-07 02:08:57.612643,320,240,20,20,7.376017850342032,-0.0005323254154063761,-0.008520697243511677,-0.0026616270188242197,0.24516624212265015,-9.169217109680176,0.14709974825382233
2025-03-07 02:08:57.642118,320,240,20,20,7.441042853430554,-0.0021293016616255045,-0.006923720706254244,0.003728023264557123,0.24516624212265015,-9.169217109680176,0.14709974825382233
2025-03-07 02:08:57.671923,320,240,20,20,7.533640357828699,0.0005323254154063761,-0.0026616270188242197,0.0015969761880114675,0.24516624212265015,-9.188830375671387,0.14709974825382233
2025-03-07 02:08:57.702191,320,240,20,20,7.539005358083523,-0.0026616270188242197,-0.009054767899215221,0.004792673978954554,0.26477953791618347,-9.169217109680176,0.14709974825382233
2025-03-07 02:08:57.731923,320,240,20,20,7.4019553515739975,-0.004260348621755838,-0.007456046529114246,-0.0005323254154063761,0.26477953791618347,-9.169217109680176,0.14709974825382233
2025-03-07 02:08:57.761769,320,240,20,20,7.554732858830539,-0.0021293016616255045,-0.007988371886312962,0.0015969761880114675,0.24516624212265015,-9.169217109680176,0.14709974825382233
2025-03-07 02:08:57.791556,320,240,20,20,7.423172852581774,-0.0031956976745277643,-0.007988371886312962,0.0021293016616255045,0.26477953791618347,-9.188830375671387,0.14709974825382233
2025-03-07 02:08:57.821790,320,240,20,20,7.520895357223344,-0.0026616270188242197,-0.004792673978954554,0.0005323254154063761,0.22555294632911682,-9.169217109680176,0.14709974825382233
2025-03-07 02:08:57.858048,320,240,20,20,7.503012856373971,-0.0026616270188242197,-0.007988371886312962,0.0021293016616255045,0.24516624212265015,-9.188830375671387,0.127486452460289
2025-03-07 02:08:57.891455,320,240,20,20,7.493435355919064,-0.0026616270188242197,-0.006923720706254244,0.004260348621755838,0.24516624212265015,-9.169217109680176,0.14709974825382233
2025-03-07 02:08:57.922752,320,240,20,20,7.415555352219963,0.0,-0.0031956976745277643,0.0026616270188242197,0.24516624212265015,-9.169217109680176,0.14709974825382233
2025-03-07 02:08:57.960643,320,240,20,20,7.456582854168664,-0.003728023264557123,-0.0021293016616255045,0.0021293016616255045,0.24516624212265015,-9.169217109680176,0.14709974825382233
2025-03-07 02:08:57.991969,320,240,20,20,7.49461785597523,0.003728023264557123,-0.003728023264557123,-0.0010646508308127522,0.26477953791618347,-9.188830375671387,0.14709974825382233
2025-03-07 02:08:58.022109,320,240,20,20,7.520380357198883,-0.005859069991856813,-0.010119418613612652,0.003728023264557123,0.24516624212265015,-9.149603843688965,0.14709974825382233
2025-03-07 02:08:58.059398,320,240,20,20,7.320775347718154,-0.0026616270188242197,-0.009587093256413937,0.0021293016616255045,0.26477953791618347,-9.169217109680176,0.14709974825382233
2025-03-07 02:08:58.090456,320,240,20,20,7.528592857588956,-0.0005323254154063761,-0.0031956976745277643,-0.0021293016616255045,0.24516624212265015,-9.169217109680176,0.16671304404735565
2025-03-07 02:08:58.126662,320,240,20,20,7.511490356776631,-0.0026616270188242197,-0.006391395349055529,0.004792673978954554,0.26477953791618347,-9.169217109680176,0.14709974825382233
2025-03-07 02:08:58.177342,320,240,20,20,7.501227856289188,-0.0021293016616255045,-0.007988371886312962,0.0,0.24516624212265015,-9.169217109680176,0.16671304404735565
2025-03-07 02:08:58.239121,320,240,20,20,7.622717862059654,0.0,-0.006391395349055529,0.0026616270188242197,0.24516624212265015,-9.188830375671387,0.14709974825382233
2025-03-07 02:08:58.299021,320,240,20,20,7.5426778582579574,-0.0026616270188242197,-0.007456046529114246,0.005324999336153269,0.26477953791618347,-9.169217109680176,0.14709974825382233
2025-03-07 02:08:58.361856,320,240,20,20,7.576862859881658,-0.0021293016616255045,-0.007456046529114246,0.0021293016616255045,0.26477953791618347,-9.169217109680176,0.14709974825382233
2025-03-07 02:08:58.423441,320,240,20,20,7.42218535253487,-0.0026616270188242197,-0.0031956976745277643,0.0,0.26477953791618347,-9.188830375671387,0.14709974825382233
2025-03-07 02:08:58.483942,320,240,20,20,7.527780357550364,-0.004792673978954554,-0.004792673978954554,0.004260348621755838,0.24516624212265015,-9.169217109680176,0.14709974825382233
2025-03-07 02:08:58.546676,320,240,20,20,7.423012852574175,-0.0005323254154063761,-0.0026616270188242197,0.005859069991856813,0.26477953791618347,-9.188830375671387,0.14709974825382233
2025-03-07 02:08:58.610321,320,240,20,20,7.426982852762739,-0.0010646508308127522,-0.0021293016616255045,0.0031956976745277643,0.24516624212265015,-9.188830375671387,0.14709974825382233
2025-03-07 02:08:58.673799,320,240,20,20,7.484130355477101,-0.003728023264557123,-0.0015969761880114675,0.0021293016616255045,0.26477953791618347,-9.188830375671387,0.16671304404735565
2025-03-07 02:08:58.735506,320,240,20,20,7.517005357038579,0.0026616270188242197,-0.003728023264557123,0.0010646508308127522,0.26477953791618347,-9.169217109680176,0.14709974825382233
2025-03-07 02:08:58.797811,320,240,20,20,7.578715359969647,-0.004260348621755838,-0.005324999336153269,0.0021293016616255045,0.26477953791618347,-9.188830375671387,0.14709974825382233
2025-03-07 02:08:58.860572,320,240,20,20,7.609322861423425,-0.004260348621755838,-0.011718139983713627,-0.0005323254154063761,0.26477953791618347,-9.169217109680176,0.14709974825382233
2025-03-07 02:08:58.913057,320,240,20,20,7.500892856273277,0.0005323254154063761,-0.0031956976745277643,0.005324999336153269,0.26477953791618347,-9.188830375671387,0.127486452460289
2025-03-07 02:08:58.957442,320,240,20,20,7.479472855255881,0.0015969761880114675,-0.004792673978954554,0.0015969761880114675,0.24516624212265015,-9.169217109680176,0.14709974825382233
2025-03-07 02:08:59.003566,320,240,20,20,7.485812855557015,-0.0021293016616255045,-0.0010646508308127522,0.0026616270188242197,0.26477953791618347,-9.188830375671387,0.14709974825382233
2025-03-07 02:08:59.048621,320,240,20,20,7.4149103521893265,-0.003728023264557123,-0.006391395349055529,-0.0010646508308127522,0.24516624212265015,-9.169217109680176,0.16671304404735565
2025-03-07 02:08:59.089027,320,240,20,20,7.409600351937115,0.0026616270188242197,-0.006923720706254244,0.0,0.26477953791618347,-9.169217109680176,0.127486452460289
2025-03-07 02:08:59.133799,320,240,20,20,7.477645355169079,0.0021293016616255045,-0.009054767899215221,0.0021293016616255045,0.24516624212265015,-9.188830375671387,0.16671304404735565
2025-03-07 02:08:59.177641,320,240,20,20,7.467585354691255,0.0,-0.0031956976745277643,0.0021293016616255045,0.26477953791618347,-9.169217109680176,0.14709974825382233
2025-03-07 02:08:59.219514,320,240,20,20,7.525465357440408,-0.0031956976745277643,-0.006391395349055529,-0.0021293016616255045,0.26477953791618347,-9.188830375671387,0.14709974825382233
2025-03-07 02:08:59.260387,320,240,20,20,7.460177854339418,-0.004792673978954554,-0.007988371886312962,0.0015969761880114675,0.26477953791618347,-9.188830375671387,0.16671304404735565
2025-03-07 02:08:59.299180,320,240,20,20,7.424605352649815,-0.0015969761880114675,-0.005859069991856813,0.0015969761880114675,0.24516624212265015,-9.169217109680176,0.127486452460289
2025-03-07 02:08:59.339407,320,240,20,20,7.478000355185941,-0.0031956976745277643,-0.003728023264557123,0.004260348621755838,0.26477953791618347,-9.188830375671387,0.16671304404735565
2025-03-07 02:08:59.376032,320,240,20,20,7.482642855406448,-0.0026616270188242197,-0.006391395349055529,0.0021293016616255045,0.26477953791618347,-9.188830375671387,0.16671304404735565
2025-03-07 02:08:59.415106,320,240,20,20,7.482907855419034,0.0005323254154063761,-0.0021293016616255045,0.0005323254154063761,0.26477953791618347,-9.188830375671387,0.14709974825382233
2025-03-07 02:08:59.448741,320,240,20,20,7.545890358410543,-0.0026616270188242197,-0.003728023264557123,-0.0015969761880114675,0.24516624212265015,-9.169217109680176,0.16671304404735565
2025-03-07 02:08:59.489455,320,240,20,20,7.5848053602589065,-0.0010646508308127522,-0.007456046529114246,0.005324999336153269,0.26477953791618347,-9.169217109680176,0.14709974825382233
2025-03-07 02:08:59.529602,320,240,20,20,7.61613786174712,0.0,-0.0031956976745277643,0.0015969761880114675,0.26477953791618347,-9.188830375671387,0.14709974825382233
2025-03-07 02:08:59.569287,320,240,20,20,7.5253803574363705,0.0,-0.003728023264557123,0.0031956976745277643,0.26477953791618347,-9.169217109680176,0.16671304404735565
2025-03-07 02:08:59.608271,320,240,20,20,7.53917035809136,-0.0026616270188242197,-0.009587093256413937,0.0005323254154063761,0.26477953791618347,-9.188830375671387,0.16671304404735565
2025-03-07 02:08:59.651328,320,240,20,20,7.547137858469796,0.003728023264557123,-0.0010646508308127522,0.003728023264557123,0.26477953791618347,-9.188830375671387,0.16671304404735565
2025-03-07 02:08:59.690323,320,240,20,20,7.563570359250297,-0.0021293016616255045,-0.003728023264557123,0.004260348621755838,0.26477953791618347,-9.169217109680176,0.14709974825382233
2025-03-07 02:08:59.731463,320,240,20,20,7.649322863323323,0.0,-0.007456046529114246,0.0010646508308127522,0.26477953791618347,-9.188830375671387,0.16671304404735565
2025-03-07 02:08:59.773448,320,240,20,20,7.555752858878987,0.0,-0.0005323254154063761,0.0031956976745277643,0.26477953791618347,-9.188830375671387,0.14709974825382233
2025-03-07 02:08:59.812301,320,240,20,20,7.516695357023854,0.0005323254154063761,-0.005859069991856813,0.0010646508308127522,0.24516624212265015,-9.169217109680176,0.14709974825382233
2025-03-07 02:08:59.853850,320,240,20,20,7.522005357276067,-0.0010646508308127522,-0.006391395349055529,0.0,0.24516624212265015,-9.188830375671387,0.14709974825382233
2025-03-07 02:08:59.894422,320,240,20,20,7.5173053570528285,-0.003728023264557123,-0.009587093256413937,0.0015969761880114675,0.26477953791618347,-9.188830375671387,0.14709974825382233
2025-03-07 02:08:59.933593,320,240,20,20,7.49782035612734,-0.0021293016616255045,-0.0005323254154063761,-0.0005323254154063761,0.26477953791618347,-9.188830375671387,0.127486452460289
2025-03-07 02:08:59.973995,320,240,20,20,7.539697858116415,-0.0015969761880114675,-0.0031956976745277643,0.0010646508308127522,0.26477953791618347,-9.169217109680176,0.127486452460289
2025-03-07 02:09:00.014328,320,240,20,20,7.446225353676709,-0.0010646508308127522,-0.006391395349055529,0.0015969761880114675,0.26477953791618347,-9.188830375671387,0.14709974825382233
2025-03-07 02:09:00.054088,320,240,20,20,7.458952854281233,-0.0021293016616255045,-0.0026616270188242197,0.0005323254154063761,0.26477953791618347,-9.169217109680176,0.14709974825382233
2025-03-07 02:09:00.094334,320,240,20,20,7.495657856024627,0.0010646508308127522,-0.004792673978954554,-0.0005323254154063761,0.26477953791618347,-9.188830375671387,0.14709974825382233
2025-03-07 02:09:00.133626,320,240,20,20,7.614557861672074,0.0,-0.004260348621755838,0.003728023264557123,0.24516624212265015,-9.208444595336914,0.14709974825382233
2025-03-07 02:09:00.167550,320,240,20,20,7.5010828562823,0.0005323254154063761,-0.006923720706254244,0.0021293016616255045,0.26477953791618347,-9.169217109680176,0.127486452460289
2025-03-07 02:09:00.198188,320,240,20,20,7.405887851760781,-0.0021293016616255045,-0.004260348621755838,0.0021293016616255045,0.26477953791618347,-9.188830375671387,0.14709974825382233
2025-03-07 02:09:00.228101,320,240,20,20,7.49682535608008,-0.0026616270188242197,-0.004260348621755838,-0.004260348621755838,0.26477953791618347,-9.188830375671387,0.14709974825382233
2025-03-07 02:09:00.258035,320,240,20,20,7.536915357984253,-0.007988371886312962,-0.007456046529114246,0.0,0.26477953791618347,-9.188830375671387,0.14709974825382233
2025-03-07 02:09:00.290055,320,240,20,20,7.628122862316377,-0.0005323254154063761,0.0,0.0015969761880114675,0.24516624212265015,-9.188830375671387,0.14709974825382233
2025-03-07 02:09:00.323696,320,240,20,20,7.610395361474366,-0.0005323254154063761,-0.004260348621755838,0.0026616270188242197,0.26477953791618347,-9.188830375671387,0.14709974825382233
2025-03-07 02:09:00.359519,320,240,20,20,7.586370360333239,-0.0031956976745277643,-0.009054767899215221,-0.0010646508308127522,0.26477953791618347,-9.169217109680176,0.14709974825382233
2025-03-07 02:09:00.390350,320,240,20,20,7.473557854974933,-0.0026616270188242197,-0.0015969761880114675,0.0,0.26477953791618347,-9.169217109680176,0.14709974825382233
2025-03-07 02:09:00.431447,320,240,20,20,7.5821953601349374,0.0,-0.004792673978954554,0.0010646508308127522,0.26477953791618347,-9.188830375671387,0.14709974825382233
2025-03-07 02:09:00.472663,320,240,20,20,7.5622303591866515,0.0015969761880114675,-0.003728023264557123,0.0021293016616255045,0.26477953791618347,-9.169217109680176,0.14709974825382233
2025-03-07 02:09:00.513671,320,240,20,20,7.508300356625114,-0.0026616270188242197,-0.009054767899215221,0.0005323254154063761,0.26477953791618347,-9.188830375671387,0.14709974825382233
2025-03-07 02:09:00.556259,320,240,20,20,7.532995357798063,0.0005323254154063761,0.0010646508308127522,0.003728023264557123,0.26477953791618347,-9.169217109680176,0.14709974825382233
2025-03-07 02:09:00.596612,320,240,20,20,7.4690553547610765,-0.005859069991856813,-0.006391395349055529,0.0010646508308127522,0.26477953791618347,-9.188830375671387,0.16671304404735565
2025-03-07 02:09:00.640430,320,240,20,20,7.543552858299518,0.0015969761880114675,-0.003728023264557123,-0.0015969761880114675,0.26477953791618347,-9.169217109680176,0.14709974825382233
2025-03-07 02:09:00.681541,320,240,20,20,7.557827858977544,-0.0021293016616255045,-0.005859069991856813,0.0,0.26477953791618347,-9.169217109680176,0.14709974825382233
2025-03-07 02:09:00.718715,320,240,20,20,7.456940354185645,0.0031956976745277643,-0.005324999336153269,-0.0005323254154063761,0.26477953791618347,-9.188830375671387,0.14709974825382233
2025-03-07 02:09:00.758527,320,240,20,20,7.544302858335141,0.0026616270188242197,-0.0031956976745277643,0.0010646508308127522,0.26477953791618347,-9.169217109680176,0.14709974825382233
2025-03-07 02:09:00.799647,320,240,20,20,7.49213035585708,0.0,-0.006391395349055529,0.0031956976745277643,0.26477953791618347,-9.188830375671387,0.14709974825382233
2025-03-07 02:09:00.846367,320,240,20,20,7.511065356756444,0.0010646508308127522,-0.003728023264557123,-0.0005323254154063761,0.26477953791618347,-9.188830375671387,0.127486452460289
2025-03-07 02:09:00.893967,320,240,20,20,7.51947035715566,-0.0021293016616255045,-0.005324999336153269,0.0026616270188242197,0.26477953791618347,-9.169217109680176,0.14709974825382233
2025-03-07 02:09:00.953434,320,240,20,20,7.517517857062922,-0.0031956976745277643,-0.0021293016616255045,0.0026616270188242197,0.24516624212265015,-9.169217109680176,0.14709974825382233
2025-03-07 02:09:01.015482,320,240,20,20,7.479350355250062,-0.003728023264557123,-0.006391395349055529,0.0026616270188242197,0.26477953791618347,-9.188830375671387,0.127486452460289
2025-03-07 02:09:01.076400,320,240,20,20,7.542285358239314,-0.0005323254154063761,-0.005324999336153269,0.0,0.26477953791618347,-9.169217109680176,0.14709974825382233
2025-03-07 02:09:01.135972,320,240,20,20,7.49346285592037,-0.0015969761880114675,-0.007456046529114246,0.004792673978954554,0.24516624212265015,-9.169217109680176,0.14709974825382233
2025-03-07 02:09:01.198512,320,240,20,20,7.51539285696199,-0.0021293016616255045,-0.007456046529114246,0.0021293016616255045,0.24516624212265015,-9.188830375671387,0.14709974825382233
2025-03-07 02:09:01.259911,320,240,20,20,7.4263928527347165,0.0015969761880114675,-0.0031956976745277643,0.0021293016616255045,0.26477953791618347,-9.169217109680176,0.14709974825382233
2025-03-07 02:09:01.324304,320,240,20,20,7.594142860702414,-0.0005323254154063761,-0.007456046529114246,-0.0005323254154063761,0.26477953791618347,-9.188830375671387,0.14709974825382233
2025-03-07 02:09:01.386496,320,240,20,20,7.481622855358,-0.0021293016616255045,-0.0021293016616255045,0.004792673978954554,0.24516624212265015,-9.208444595336914,0.14709974825382233
2025-03-07 02:09:01.448290,320,240,20,20,7.4338878530907095,0.0,-0.0031956976745277643,0.0015969761880114675,0.26477953791618347,-9.188830375671387,0.16671304404735565
2025-03-07 02:09:01.511498,320,240,20,20,7.44047285340348,-0.0031956976745277643,-0.004260348621755838,-0.0021293016616255045,0.26477953791618347,-9.188830375671387,0.16671304404735565
2025-03-07 02:09:01.574992,320,240,20,20,7.453332854014297,-0.004260348621755838,-0.003728023264557123,0.0010646508308127522,0.26477953791618347,-9.188830375671387,0.16671304404735565
2025-03-07 02:09:01.634999,320,240,20,20,7.407437851834402,0.0,-0.008520697243511677,0.004260348621755838,0.24516624212265015,-9.169217109680176,0.14709974825382233
2025-03-07 02:09:01.680295,320,240,20,20,7.500445356252021,-0.0015969761880114675,-0.004260348621755838,0.0,0.26477953791618347,-9.169217109680176,0.127486452460289
2025-03-07 02:09:01.726515,320,240,20,20,7.528030357562239,-0.0026616270188242197,-0.0021293016616255045,0.0026616270188242197,0.26477953791618347,-9.188830375671387,0.127486452460289
2025-03-07 02:09:01.768030,320,240,20,20,7.551185358662042,0.0,-0.007456046529114246,0.0021293016616255045,0.26477953791618347,-9.188830375671387,0.127486452460289
2025-03-07 02:09:01.803921,320,240,20,20,7.418767852372548,0.0010646508308127522,-0.007456046529114246,0.0,0.26477953791618347,-9.188830375671387,0.14709974825382233
2025-03-07 02:09:01.844667,320,240,20,20,7.569155359515571,0.0,-0.004260348621755838,0.0010646508308127522,0.24516624212265015,-9.169217109680176,0.14709974825382233
2025-03-07 02:09:01.889033,320,240,20,20,7.415970352239674,0.0015969761880114675,-0.006391395349055529,0.0026616270188242197,0.24516624212265015,-9.169217109680176,0.14709974825382233
2025-03-07 02:09:01.932485,320,240,20,20,7.5013403562945316,-0.0031956976745277643,-0.007456046529114246,0.0,0.26477953791618347,-9.188830375671387,0.14709974825382233
2025-03-07 02:09:01.975101,320,240,20,20,7.436737853226077,-0.0021293016616255045,-0.006923720706254244,0.0031956976745277643,0.26477953791618347,-9.169217109680176,0.127486452460289
2025-03-07 02:09:02.015715,320,240,20,20,7.400550351507263,-0.0015969761880114675,-0.008520697243511677,-0.0015969761880114675,0.26477953791618347,-9.169217109680176,0.14709974825382233
2025-03-07 02:09:02.055017,320,240,20,20,7.496850356081268,-0.0021293016616255045,-0.006923720706254244,0.004260348621755838,0.26477953791618347,-9.188830375671387,0.14709974825382233
2025-03-07 02:09:02.095111,320,240,20,20,7.462542854451749,0.0010646508308127522,-0.0026616270188242197,0.0026616270188242197,0.26477953791618347,-9.169217109680176,0.14709974825382233
2025-03-07 02:09:02.139243,320,240,20,20,7.591505360577139,-0.004260348621755838,-0.0021293016616255045,0.0021293016616255045,0.26477953791618347,-9.169217109680176,0.14709974825382233
2025-03-07 02:09:02.179996,320,240,20,20,7.449787853845919,-0.003728023264557123,-0.007456046529114246,0.0026616270188242197,0.26477953791618347,-9.188830375671387,0.127486452460289
2025-03-07 02:09:02.221138,320,240,20,20,7.642002862975642,-0.0026616270188242197,-0.009587093256413937,0.0021293016616255045,0.26477953791618347,-9.169217109680176,0.16671304404735565
2025-03-07 02:09:02.260006,320,240,20,20,7.4101628519638325,0.0010646508308127522,-0.007456046529114246,0.0021293016616255045,0.26477953791618347,-9.169217109680176,0.127486452460289
2025-03-07 02:09:02.298245,320,240,20,20,7.631345362469437,-0.0031956976745277643,-0.005324999336153269,0.0031956976745277643,0.26477953791618347,-9.188830375671387,0.14709974825382233
2025-03-07 02:09:02.336183,320,240,20,20,7.5651603593258185,-0.004792673978954554,-0.005859069991856813,0.0031956976745277643,0.26477953791618347,-9.188830375671387,0.14709974825382233
2025-03-07 02:09:02.385276,320,240,20,20,7.4732678549611595,-0.0026616270188242197,-0.0031956976745277643,0.0015969761880114675,0.26477953791618347,-9.188830375671387,0.14709974825382233
2025-03-07 02:09:02.425301,320,240,20,20,7.4891953557176745,-0.0005323254154063761,-0.009054767899215221,0.0026616270188242197,0.26477953791618347,-9.188830375671387,0.14709974825382233
2025-03-07 02:09:02.465406,320,240,20,20,7.527100357518066,0.0010646508308127522,-0.005859069991856813,0.0021293016616255045,0.26477953791618347,-9.169217109680176,0.14709974825382233
2025-03-07 02:09:02.503602,320,240,20,20,7.528357857577793,0.0005323254154063761,-0.005324999336153269,0.0021293016616255045,0.26477953791618347,-9.169217109680176,0.14709974825382233
2025-03-07 02:09:02.541438,320,240,20,20,7.4874203556333665,0.0021293016616255045,0.0010646508308127522,-0.0005323254154063761,0.26477953791618347,-9.188830375671387,0.127486452460289
2025-03-07 02:09:02.581446,320,240,20,20,7.587487860386318,-0.0010646508308127522,-0.004260348621755838,0.0015969761880114675,0.26477953791618347,-9.169217109680176,0.14709974825382233
2025-03-07 02:09:02.619816,320,240,20,20,7.476612855120038,-0.004260348621755838,-0.007456046529114246,0.0005323254154063761,0.26477953791618347,-9.188830375671387,0.14709974825382233
2025-03-07 02:09:02.651949,320,240,20,20,7.474370355013525,-0.0031956976745277643,-0.0015969761880114675,0.0021293016616255045,0.26477953791618347,-9.169217109680176,0.14709974825382233
2025-03-07 02:09:02.681630,320,240,20,20,7.628607862339413,-0.0031956976745277643,-0.010119418613612652,-0.0005323254154063761,0.26477953791618347,-9.169217109680176,0.14709974825382233
2025-03-07 02:09:02.711486,320,240,20,20,7.502845356366015,0.0021293016616255045,-0.007456046529114246,0.0026616270188242197,0.26477953791618347,-9.169217109680176,0.14709974825382233
2025-03-07 02:09:02.741515,320,240,20,20,7.623075362076634,-0.0021293016616255045,-0.006391395349055529,0.0015969761880114675,0.24516624212265015,-9.188830375671387,0.14709974825382233
2025-03-07 02:09:02.771505,320,240,20,20,7.530325357671245,-0.004260348621755838,-0.009587093256413937,0.003728023264557123,0.26477953791618347,-9.169217109680176,0.127486452460289
2025-03-07 02:09:02.806938,320,240,20,20,7.5056003564968705,-0.003728023264557123,-0.005324999336153269,0.005324999336153269,0.26477953791618347,-9.169217109680176,0.127486452460289
2025-03-07 02:09:02.845149,320,240,20,20,7.586470360337989,0.007456046529114246,-0.0010646508308127522,0.0021293016616255045,0.26477953791618347,-9.188830375671387,0.14709974825382233
2025-03-07 02:09:02.883505,320,240,20,20,7.493827855937707,0.006391395349055529,-0.005859069991856813,-0.0010646508308127522,0.24516624212265015,-9.169217109680176,0.08825984597206116
2025-03-07 02:09:02.923391,320,240,20,20,7.494520355970598,0.007456046529114246,-0.011184069328010082,-0.0010646508308127522,0.26477953791618347,-9.188830375671387,0.10787314921617508
2025-03-07 02:09:02.960295,320,240,20,20,7.44302035352448,0.010651743970811367,-0.0005323254154063761,0.0015969761880114675,0.26477953791618347,-9.188830375671387,0.127486452460289
2025-03-07 02:09:03.000703,320,240,20,20,7.453485354021541,0.010651743970811367,-0.005859069991856813,0.0031956976745277643,0.24516624212265015,-9.169217109680176,0.16671304404735565
2025-03-07 02:09:03.040922,320,240,20,20,7.5409003581735305,0.023436279967427254,-0.004260348621755838,0.0015969761880114675,0.26477953791618347,-9.188830375671387,0.06864655017852783
2025-03-07 02:09:03.081997,320,240,20,20,7.4753528550601915,0.025565581396222115,-0.004792673978954554,0.0015969761880114675,0.2843928337097168,-9.188830375671387,0.04903324693441391
2025-03-07 02:09:03.121048,320,240,20,20,7.626080362219364,0.026631977409124374,0.0031956976745277643,0.004792673978954554,0.26477953791618347,-9.169217109680176,0.08825984597206116
2025-03-07 02:09:03.159719,320,240,20,20,7.477000355138443,0.023436279967427254,-0.005324999336153269,0.003728023264557123,0.26477953791618347,-9.188830375671387,0.04903324693441391
2025-03-07 02:09:03.197922,320,240,20,20,7.491340355819557,0.0250332560390234,-0.004792673978954554,0.0010646508308127522,0.26477953791618347,-9.169217109680176,0.127486452460289
2025-03-07 02:09:03.235695,320,240,20,20,7.549642858588777,0.015446163713932037,0.0015969761880114675,0.0031956976745277643,0.26477953791618347,-9.169217109680176,0.08825984597206116
2025-03-07 02:09:03.275724,320,240,20,20,7.568875359502272,0.011184069328010082,-0.005859069991856813,0.0005323254154063761,0.24516624212265015,-9.169217109680176,0.04903324693441391
2025-03-07 02:09:03.318530,320,240,20,20,7.44053285340633,0.010651743970811367,-0.004792673978954554,0.0026616270188242197,0.2843928337097168,-9.169217109680176,0.14709974825382233
2025-03-07 02:09:03.360904,320,240,20,20,7.458665354267578,0.006391395349055529,-0.0021293016616255045,-0.0005323254154063761,0.26477953791618347,-9.188830375671387,0.2059396505355835
2025-03-07 02:09:03.398352,320,240,20,20,7.476482855113863,0.003728023264557123,-0.007456046529114246,0.003728023264557123,0.26477953791618347,-9.169217109680176,0.127486452460289
2025-03-07 02:09:03.435869,320,240,20,20,7.472407854920311,0.0031956976745277643,-0.007988371886312962,0.0015969761880114675,0.2843928337097168,-9.188830375671387,0.14709974825382233
2025-03-07 02:09:03.469804,320,240,20,20,7.519067857136543,0.0005323254154063761,-0.006923720706254244,0.0015969761880114675,0.26477953791618347,-9.169217109680176,0.10787314921617508
2025-03-07 02:09:03.500260,320,240,20,20,7.558457859007467,0.0026616270188242197,-0.0026616270188242197,0.0015969761880114675,0.22555294632911682,-9.169217109680176,0.10787314921617508
2025-03-07 02:09:03.530066,320,240,20,20,7.498542856161658,0.0031956976745277643,-0.006391395349055529,0.0015969761880114675,0.26477953791618347,-9.188830375671387,0.16671304404735565
2025-03-07 02:09:03.569901,320,240,20,20,7.541627858208085,-0.0026616270188242197,-0.010651743970811367,0.0,0.26477953791618347,-9.149603843688965,0.18632633984088898
2025-03-07 02:09:03.607702,320,240,20,20,7.543080358277075,-0.003728023264557123,-0.004260348621755838,0.004792673978954554,0.26477953791618347,-9.169217109680176,0.14709974825382233
2025-03-07 02:09:03.646298,320,240,20,20,7.480432855301478,0.0,-0.006391395349055529,0.0031956976745277643,0.24516624212265015,-9.169217109680176,0.08825984597206116
2025-03-07 02:09:03.685031,320,240,20,20,7.673720364482142,-0.0026616270188242197,-0.010651743970811367,0.0026616270188242197,0.2843928337097168,-9.188830375671387,0.127486452460289
2025-03-07 02:09:03.726351,320,240,20,20,7.459927854327543,-0.0031956976745277643,-0.004792673978954554,0.003728023264557123,0.26477953791618347,-9.169217109680176,0.18632633984088898
2025-03-07 02:09:03.763793,320,240,20,20,7.483697855456557,-0.0005323254154063761,-0.008520697243511677,0.0015969761880114675,0.26477953791618347,-9.188830375671387,0.127486452460289
2025-03-07 02:09:03.800337,320,240,20,20,7.528540357586462,0.0,-0.005324999336153269,0.0015969761880114675,0.26477953791618347,-9.188830375671387,0.16671304404735565
2025-03-07 02:09:03.837183,320,240,20,20,7.645537863143545,-0.0015969761880114675,-0.0031956976745277643,0.0026616270188242197,0.26477953791618347,-9.188830375671387,0.14709974825382233
2025-03-07 02:09:03.868242,320,240,20,20,7.512100356805604,-0.0031956976745277643,-0.006391395349055529,0.0031956976745277643,0.26477953791618347,-9.169217109680176,0.127486452460289
2025-03-07 02:09:03.898100,320,240,20,20,7.428907852854172,-0.0021293016616255045,-0.006391395349055529,0.0031956976745277643,0.24516624212265015,-9.169217109680176,0.127486452460289
2025-03-07 02:09:03.928901,320,240,20,20,7.5573103589529635,-0.0015969761880114675,-0.008520697243511677,0.0015969761880114675,0.2843928337097168,-9.169217109680176,0.14709974825382233
2025-03-07 02:09:03.958942,320,240,20,20,7.541880358220078,-0.0005323254154063761,-0.0015969761880114675,0.0021293016616255045,0.26477953791618347,-9.188830375671387,0.16671304404735565
2025-03-07 02:09:03.991629,320,240,20,20,7.552217858711083,-0.0021293016616255045,-0.004260348621755838,-0.0026616270188242197,0.24516624212265015,-9.169217109680176,0.127486452460289
2025-03-07 02:09:04.030654,320,240,20,20,7.409397851927497,0.0,-0.009587093256413937,0.0015969761880114675,0.26477953791618347,-9.169217109680176,0.127486452460289
2025-03-07 02:09:04.061598,320,240,20,20,7.46093035437516,0.0031956976745277643,-0.007456046529114246,-0.0026616270188242197,0.26477953791618347,-9.169217109680176,0.127486452460289
2025-03-07 02:09:04.091671,320,240,20,20,7.406627851795929,-0.003728023264557123,-0.005324999336153269,0.004260348621755838,0.26477953791618347,-9.169217109680176,0.14709974825382233
2025-03-07 02:09:04.129680,320,240,20,20,7.588080360414461,-0.0021293016616255045,-0.005859069991856813,-0.0010646508308127522,0.26477953791618347,-9.188830375671387,0.14709974825382233
2025-03-07 02:09:04.165810,320,240,20,20,7.428380352829118,-0.003728023264557123,-0.0031956976745277643,0.003728023264557123,0.26477953791618347,-9.188830375671387,0.16671304404735565
2025-03-07 02:09:04.203672,320,240,20,20,7.489597855736792,0.004260348621755838,-0.004260348621755838,0.0021293016616255045,0.26477953791618347,-9.188830375671387,0.14709974825382233
2025-03-07 02:09:04.242418,320,240,20,20,7.480612855310028,-0.0026616270188242197,-0.007456046529114246,0.0005323254154063761,0.26477953791618347,-9.169217109680176,0.14709974825382233
2025-03-07 02:09:04.279781,320,240,20,20,7.483537855448958,-0.0010646508308127522,-0.006391395349055529,0.004260348621755838,0.26477953791618347,-9.169217109680176,0.127486452460289
2025-03-07 02:09:04.322036,320,240,20,20,7.4486128537901095,0.0005323254154063761,-0.0031956976745277643,0.0031956976745277643,0.26477953791618347,-9.169217109680176,0.14709974825382233
2025-03-07 02:09:04.358769,320,240,20,20,7.549122858564078,-0.0021293016616255045,-0.007456046529114246,0.003728023264557123,0.26477953791618347,-9.169217109680176,0.18632633984088898
2025-03-07 02:09:04.399578,320,240,20,20,7.550280358619057,-0.0010646508308127522,-0.0010646508308127522,-0.0005323254154063761,0.26477953791618347,-9.169217109680176,0.16671304404735565
2025-03-07 02:09:04.439151,320,240,20,20,7.391930351097836,-0.005324999336153269,-0.007988371886312962,0.0010646508308127522,0.26477953791618347,-9.169217109680176,0.10787314921617508
2025-03-07 02:09:04.477665,320,240,20,20,7.615987861739995,-0.0015969761880114675,-0.010651743970811367,0.004260348621755838,0.2843928337097168,-9.169217109680176,0.14709974825382233
2025-03-07 02:09:04.515011,320,240,20,20,7.502512856350222,-0.0010646508308127522,-0.004792673978954554,0.0031956976745277643,0.24516624212265015,-9.188830375671387,0.14709974825382233
2025-03-07 02:09:04.555926,320,240,20,20,7.555902858886111,-0.0026616270188242197,-0.006923720706254244,0.0026616270188242197,0.26477953791618347,-9.188830375671387,0.14709974825382233
2025-03-07 02:09:04.595005,320,240,20,20,7.607692861346004,0.0031956976745277643,-0.003728023264557123,0.0010646508308127522,0.26477953791618347,-9.188830375671387,0.14709974825382233
2025-03-07 02:09:04.633558,320,240,20,20,7.512317856815935,-0.0031956976745277643,-0.009054767899215221,0.005859069991856813,0.26477953791618347,-9.169217109680176,0.10787314921617508
2025-03-07 02:09:04.671930,320,240,20,20,7.642475362998084,-0.003728023264557123,-0.003728023264557123,0.0010646508308127522,0.24516624212265015,-9.169217109680176,0.14709974825382233
2025-03-07 02:09:04.705722,320,240,20,20,7.492640355881304,-0.0010646508308127522,-0.005859069991856813,0.0005323254154063761,0.26477953791618347,-9.169217109680176,0.16671304404735565
2025-03-07 02:09:04.735764,320,240,20,20,7.5601928590898755,-0.0010646508308127522,-0.007988371886312962,-0.0015969761880114675,0.26477953791618347,-9.169217109680176,0.16671304404735565
2025-03-07 02:09:04.765681,320,240,20,20,7.405567851745582,-0.0021293016616255045,-0.004792673978954554,0.0015969761880114675,0.24516624212265015,-9.169217109680176,0.127486452460289
2025-03-07 02:09:04.795532,320,240,20,20,7.5648978593133505,-0.0010646508308127522,-0.008520697243511677,-0.0005323254154063761,0.26477953791618347,-9.188830375671387,0.127486452460289
2025-03-07 02:09:04.825036,320,240,20,20,7.590530360530829,-0.005859069991856813,-0.006391395349055529,0.005324999336153269,0.26477953791618347,-9.188830375671387,0.14709974825382233
2025-03-07 02:09:04.861172,320,240,20,20,7.4922528558628985,0.0010646508308127522,-0.004792673978954554,0.0,0.26477953791618347,-9.169217109680176,0.14709974825382233
2025-03-07 02:09:04.892554,320,240,20,20,7.382992850673327,-0.003728023264557123,-0.006923720706254244,0.0026616270188242197,0.24516624212265015,-9.169217109680176,0.127486452460289
2025-03-07 02:09:04.927683,320,240,20,20,7.475715355077409,-0.006391395349055529,-0.006923720706254244,0.003728023264557123,0.26477953791618347,-9.188830375671387,0.16671304404735565
2025-03-07 02:09:04.958420,320,240,20,20,7.548935358555172,-0.0005323254154063761,-0.006923720706254244,-0.0010646508308127522,0.26477953791618347,-9.149603843688965,0.16671304404735565
2025-03-07 02:09:04.998290,320,240,20,20,7.525090357422596,-0.0005323254154063761,-0.008520697243511677,0.004260348621755838,0.24516624212265015,-9.169217109680176,0.16671304404735565
2025-03-07 02:09:05.031954,320,240,20,20,7.504777856457804,-0.0015969761880114675,-0.006391395349055529,0.0010646508308127522,0.26477953791618347,-9.188830375671387,0.127486452460289
2025-03-07 02:09:05.070797,320,240,20,20,7.591760360589251,-0.0031956976745277643,-0.006391395349055529,0.0010646508308127522,0.26477953791618347,-9.188830375671387,0.14709974825382233
2025-03-07 02:09:05.113497,320,240,20,20,7.561577859155659,-0.0021293016616255045,-0.006391395349055529,0.004260348621755838,0.26477953791618347,-9.188830375671387,0.16671304404735565
2025-03-07 02:09:05.150916,320,240,20,20,7.527755357549177,-0.0010646508308127522,-0.011184069328010082,0.004260348621755838,0.24516624212265015,-9.169217109680176,0.127486452460289
2025-03-07 02:09:05.187987,320,240,20,20,7.440625353410724,-0.0021293016616255045,-0.005859069991856813,0.004792673978954554,0.26477953791618347,-9.169217109680176,0.14709974825382233
2025-03-07 02:09:05.227185,320,240,20,20,7.496737856075924,-0.004792673978954554,-0.009054767899215221,0.003728023264557123,0.26477953791618347,-9.188830375671387,0.16671304404735565
2025-03-07 02:09:05.268588,320,240,20,20,7.466805354654207,-0.0021293016616255045,-0.003728023264557123,0.0031956976745277643,0.26477953791618347,-9.169217109680176,0.14709974825382233
2025-03-07 02:09:05.311174,320,240,20,20,7.510070356709184,0.0015969761880114675,-0.005324999336153269,0.004260348621755838,0.26477953791618347,-9.188830375671387,0.14709974825382233
2025-03-07 02:09:05.354929,320,240,20,20,7.465695354601484,0.0005323254154063761,-0.010651743970811367,0.003728023264557123,0.26477953791618347,-9.169217109680176,0.14709974825382233
2025-03-07 02:09:05.401878,320,240,20,20,7.492752855886647,0.0021293016616255045,-0.004792673978954554,0.0031956976745277643,0.26477953791618347,-9.169217109680176,0.14709974825382233
2025-03-07 02:09:05.464108,320,240,20,20,7.4785928552140835,-0.0015969761880114675,-0.005324999336153269,0.005859069991856813,0.26477953791618347,-9.169217109680176,0.127486452460289
2025-03-07 02:09:05.526691,320,240,20,20,7.523542857349094,-0.005324999336153269,-0.007456046529114246,-0.0031956976745277643,0.26477953791618347,-9.188830375671387,0.14709974825382233
2025-03-07 02:09:05.590586,320,240,20,20,7.530460357677657,0.0031956976745277643,-0.006391395349055529,0.0015969761880114675,0.26477953791618347,-9.169217109680176,0.14709974825382233
2025-03-07 02:09:05.653611,320,240,20,20,7.402210351586109,-0.0021293016616255045,-0.006923720706254244,0.0021293016616255045,0.26477953791618347,-9.188830375671387,0.14709974825382233
2025-03-07 02:09:05.717470,320,240,20,20,7.427067852766777,0.0021293016616255045,-0.004792673978954554,0.0,0.26477953791618347,-9.169217109680176,0.14709974825382233
2025-03-07 02:09:05.780652,320,240,20,20,7.501942856323149,-0.0005323254154063761,-0.0026616270188242197,-0.0021293016616255045,0.26477953791618347,-9.169217109680176,0.16671304404735565
2025-03-07 02:09:05.846079,320,240,20,20,7.499165356191225,-0.005324999336153269,-0.008520697243511677,0.003728023264557123,0.26477953791618347,-9.169217109680176,0.127486452460289
2025-03-07 02:09:05.907888,320,240,20,20,7.496617856070225,0.0,-0.0005323254154063761,0.0031956976745277643,0.26477953791618347,-9.188830375671387,0.127486452460289
2025-03-07 02:09:05.972562,320,240,20,20,7.567060359416064,0.0026616270188242197,-0.0021293016616255045,0.0026616270188242197,0.26477953791618347,-9.169217109680176,0.16671304404735565
2025-03-07 02:09:06.035374,320,240,20,20,7.5971803608466875,-0.004260348621755838,-0.005859069991856813,0.0005323254154063761,0.26477953791618347,-9.188830375671387,0.14709974825382233
2025-03-07 02:09:06.091439,320,240,20,20,7.473085354952491,0.0021293016616255045,-0.005324999336153269,0.0015969761880114675,0.24516624212265015,-9.169217109680176,0.127486452460289
2025-03-07 02:09:06.128737,320,240,20,20,7.450360353873111,0.0021293016616255045,-0.0015969761880114675,-0.0010646508308127522,0.26477953791618347,-9.188830375671387,0.14709974825382233
2025-03-07 02:09:06.158630,320,240,20,20,7.472277854914137,0.0026616270188242197,-0.007456046529114246,0.0021293016616255045,0.26477953791618347,-9.169217109680176,0.14709974825382233
2025-03-07 02:09:06.188615,320,240,20,20,7.545682858400687,-0.0015969761880114675,-0.007456046529114246,0.0010646508308127522,0.26477953791618347,-9.169217109680176,0.14709974825382233
2025-03-07 02:09:06.218869,320,240,20,20,7.45645285416249,-0.0015969761880114675,-0.004260348621755838,-0.0015969761880114675,0.26477953791618347,-9.169217109680176,0.16671304404735565
2025-03-07 02:09:06.248971,320,240,20,20,7.421465352500673,0.0005323254154063761,-0.005324999336153269,-0.0005323254154063761,0.2843928337097168,-9.169217109680176,0.14709974825382233
2025-03-07 02:09:06.278821,320,240,20,20,7.613977861644526,-0.006923720706254244,-0.005859069991856813,0.0021293016616255045,0.24516624212265015,-9.188830375671387,0.127486452460289
2025-03-07 02:09:06.308986,320,240,20,20,7.471332854869251,0.0021293016616255045,-0.005324999336153269,0.0010646508308127522,0.26477953791618347,-9.188830375671387,0.14709974825382233
2025-03-07 02:09:06.339261,320,240,20,20,7.532290357764578,-0.0021293016616255045,-0.004792673978954554,0.004792673978954554,0.26477953791618347,-9.169217109680176,0.14709974825382233
2025-03-07 02:09:06.368899,320,240,20,20,7.497290356102167,-0.0010646508308127522,-0.005324999336153269,0.0026616270188242197,0.26477953791618347,-9.169217109680176,0.14709974825382233
2025-03-07 02:09:06.410363,320,240,20,20,7.581112860083522,-0.0015969761880114675,-0.004792673978954554,0.0005323254154063761,0.26477953791618347,-9.188830375671387,0.14709974825382233
2025-03-07 02:09:06.452592,320,240,20,20,7.583792860210815,-0.004792673978954554,-0.004792673978954554,0.003728023264557123,0.26477953791618347,-9.188830375671387,0.14709974825382233
2025-03-07 02:09:06.493567,320,240,20,20,7.501505356302369,-0.0026616270188242197,-0.008520697243511677,0.0015969761880114675,0.26477953791618347,-9.169217109680176,0.14709974825382233
2025-03-07 02:09:06.532706,320,240,20,20,7.450585353883798,0.0026616270188242197,-0.0021293016616255045,0.0015969761880114675,0.26477953791618347,-9.188830375671387,0.127486452460289
2025-03-07 02:09:06.565573,320,240,20,20,7.641560362954624,-0.007456046529114246,-0.012250465340912342,0.007456046529114246,0.26477953791618347,-9.169217109680176,0.14709974825382233
2025-03-07 02:09:06.595561,320,240,20,20,7.515042856945366,0.0015969761880114675,-0.007988371886312962,0.0015969761880114675,0.26477953791618347,-9.188830375671387,0.14709974825382233
2025-03-07 02:09:06.625956,320,240,20,20,7.401937851573166,0.0010646508308127522,-0.004792673978954554,0.0021293016616255045,0.2843928337097168,-9.188830375671387,0.127486452460289
2025-03-07 02:09:06.660101,320,240,20,20,7.46861035473994,0.0015969761880114675,-0.005859069991856813,-0.0005323254154063761,0.26477953791618347,-9.169217109680176,0.127486452460289
2025-03-07 02:09:06.695821,320,240,20,20,7.381755350614549,0.0,-0.003728023264557123,0.0,0.26477953791618347,-9.169217109680176,0.14709974825382233
2025-03-07 02:09:06.726854,320,240,20,20,7.477410355157917,0.0005323254154063761,-0.004792673978954554,0.004260348621755838,0.24516624212265015,-9.169217109680176,0.16671304404735565
2025-03-07 02:09:06.761913,320,240,20,20,7.428227852821874,-0.0015969761880114675,-0.0021293016616255045,0.0026616270188242197,0.26477953791618347,-9.169217109680176,0.14709974825382233
2025-03-07 02:09:06.793564,320,240,20,20,7.469865354799549,0.0031956976745277643,-0.007456046529114246,0.0026616270188242197,0.26477953791618347,-9.169217109680176,0.14709974825382233
2025-03-07 02:09:06.827663,320,240,20,20,7.4814278553487386,-0.004260348621755838,-0.005324999336153269,0.0026616270188242197,0.26477953791618347,-9.188830375671387,0.14709974825382233
2025-03-07 02:09:06.860255,320,240,20,20,7.483550355449552,-0.0005323254154063761,-0.0026616270188242197,-0.0021293016616255045,0.24516624212265015,-9.169217109680176,0.14709974825382233
2025-03-07 02:09:06.894388,320,240,20,20,7.470295354819973,-0.0031956976745277643,-0.0021293016616255045,0.004260348621755838,0.26477953791618347,-9.169217109680176,0.14709974825382233
2025-03-07 02:09:06.927045,320,240,20,20,7.511150356760481,-0.004792673978954554,-0.008520697243511677,0.0005323254154063761,0.26477953791618347,-9.188830375671387,0.14709974825382233
2025-03-07 02:09:06.959911,320,240,20,20,7.558117858991318,0.0026616270188242197,-0.003728023264557123,-0.0005323254154063761,0.26477953791618347,-9.169217109680176,0.14709974825382233
2025-03-07 02:09:06.996431,320,240,20,20,7.5148678569370535,-0.0031956976745277643,-0.011184069328010082,-0.0026616270188242197,0.26477953791618347,-9.188830375671387,0.127486452460289
2025-03-07 02:09:07.027018,320,240,20,20,7.4352628531560185,0.0026616270188242197,-0.003728023264557123,0.0021293016616255045,0.26477953791618347,-9.188830375671387,0.14709974825382233
2025-03-07 02:09:07.062469,320,240,20,20,7.598602860914252,0.0005323254154063761,-0.0010646508308127522,-0.0010646508308127522,0.24516624212265015,-9.169217109680176,0.14709974825382233
2025-03-07 02:09:07.094085,320,240,20,20,7.411535352029023,0.0,-0.009054767899215221,0.0015969761880114675,0.24516624212265015,-9.169217109680176,0.16671304404735565
2025-03-07 02:09:07.128258,320,240,20,20,7.439765353369876,0.0015969761880114675,-0.006391395349055529,0.0015969761880114675,0.26477953791618347,-9.169217109680176,0.14709974825382233
2025-03-07 02:09:07.160232,320,240,20,20,7.519165357141174,0.004260348621755838,-0.0026616270188242197,0.0021293016616255045,0.26477953791618347,-9.188830375671387,0.16671304404735565
2025-03-07 02:09:07.195234,320,240,20,20,7.460895354373497,-0.004792673978954554,-0.0026616270188242197,0.0026616270188242197,0.26477953791618347,-9.169217109680176,0.14709974825382233
2025-03-07 02:09:07.228063,320,240,20,20,7.339905348626781,-0.0031956976745277643,-0.009054767899215221,-0.0010646508308127522,0.2843928337097168,-9.169217109680176,0.14709974825382233
2025-03-07 02:09:07.260125,320,240,20,20,7.55893035902991,-0.0010646508308127522,-0.0031956976745277643,0.006923720706254244,0.26477953791618347,-9.169217109680176,0.14709974825382233
2025-03-07 02:09:07.296644,320,240,20,20,7.659462863804947,-0.0005323254154063761,-0.0015969761880114675,0.0010646508308127522,0.26477953791618347,-9.188830375671387,0.16671304404735565
2025-03-07 02:09:07.328559,320,240,20,20,7.537780358025339,-0.005859069991856813,-0.007456046529114246,0.007456046529114246,0.24516624212265015,-9.169217109680176,0.14709974825382233
2025-03-07 02:09:07.360191,320,240,20,20,7.458842854276009,-0.0026616270188242197,-0.006923720706254244,0.0031956976745277643,0.26477953791618347,-9.188830375671387,0.127486452460289
2025-03-07 02:09:07.396252,320,240,20,20,7.691207865312753,-0.0026616270188242197,-0.004260348621755838,0.0010646508308127522,0.26477953791618347,-9.188830375671387,0.14709974825382233
2025-03-07 02:09:07.426380,320,240,20,20,7.4350878531477065,-0.0021293016616255045,-0.004260348621755838,0.0026616270188242197,0.24516624212265015,-9.169217109680176,0.14709974825382233
2025-03-07 02:09:07.463171,320,240,20,20,7.415005352193839,-0.006923720706254244,-0.008520697243511677,0.0021293016616255045,0.26477953791618347,-9.188830375671387,0.14709974825382233
2025-03-07 02:09:07.494230,320,240,20,20,7.56693035940989,-0.0021293016616255045,-0.0010646508308127522,0.003728023264557123,0.26477953791618347,-9.188830375671387,0.14709974825382233
2025-03-07 02:09:07.526888,320,240,20,20,7.436802853229165,0.0015969761880114675,-0.005324999336153269,0.004792673978954554,0.26477953791618347,-9.188830375671387,0.16671304404735565
2025-03-07 02:09:07.563827,320,240,20,20,7.499250356195262,-0.003728023264557123,-0.0015969761880114675,0.0026616270188242197,0.26477953791618347,-9.188830375671387,0.14709974825382233
2025-03-07 02:09:07.595713,320,240,20,20,7.544037858322554,-0.0005323254154063761,-0.004260348621755838,0.0021293016616255045,0.26477953791618347,-9.188830375671387,0.127486452460289
2025-03-07 02:09:07.625802,320,240,20,20,7.52997785765474,0.0026616270188242197,-0.005859069991856813,0.0026616270188242197,0.26477953791618347,-9.169217109680176,0.14709974825382233
2025-03-07 02:09:07.664368,320,240,20,20,7.500655356261996,0.0026616270188242197,-0.003728023264557123,0.006391395349055529,0.26477953791618347,-9.169217109680176,0.14709974825382233
2025-03-07 02:09:07.695898,320,240,20,20,7.410310351970838,0.0015969761880114675,-0.005324999336153269,0.0005323254154063761,0.26477953791618347,-9.169217109680176,0.14709974825382233
2025-03-07 02:09:07.734960,320,240,20,20,7.560452859102225,-0.0005323254154063761,-0.004792673978954554,0.0005323254154063761,0.26477953791618347,-9.188830375671387,0.14709974825382233
2025-03-07 02:09:07.773824,320,240,20,20,7.5112328567644,-0.005324999336153269,-0.010119418613612652,0.0026616270188242197,0.26477953791618347,-9.169217109680176,0.127486452460289
2025-03-07 02:09:07.811675,320,240,20,20,7.538937858080317,-0.0026616270188242197,-0.004792673978954554,-0.0005323254154063761,0.24516624212265015,-9.169217109680176,0.14709974825382233
2025-03-07 02:09:07.846177,320,240,20,20,7.4079028518564884,-0.003728023264557123,-0.005859069991856813,0.0015969761880114675,0.26477953791618347,-9.188830375671387,0.14709974825382233
2025-03-07 02:09:07.877806,320,240,20,20,7.496935356085305,-0.0031956976745277643,-0.005859069991856813,-0.0021293016616255045,0.26477953791618347,-9.169217109680176,0.14709974825382233
2025-03-07 02:09:07.918201,320,240,20,20,7.532377857768734,-0.0010646508308127522,-0.006391395349055529,0.0031956976745277643,0.26477953791618347,-9.188830375671387,0.127486452460289
2025-03-07 02:09:07.955938,320,240,20,20,7.403260351635981,-0.0005323254154063761,-0.0015969761880114675,0.0005323254154063761,0.26477953791618347,-9.149603843688965,0.14709974825382233
2025-03-07 02:09:07.992838,320,240,20,20,7.590565360532492,-0.0021293016616255045,-0.004792673978954554,0.0026616270188242197,0.26477953791618347,-9.169217109680176,0.14709974825382233
2025-03-07 02:09:08.032239,320,240,20,20,7.544785358358058,-0.004792673978954554,-0.006391395349055529,-0.0005323254154063761,0.26477953791618347,-9.169217109680176,0.14709974825382233
2025-03-07 02:09:08.068210,320,240,20,20,7.416012852241693,0.0,-0.005859069991856813,0.003728023264557123,0.26477953791618347,-9.169217109680176,0.14709974825382233
2025-03-07 02:09:08.099850,320,240,20,20,7.5019628563240985,0.0015969761880114675,-0.0031956976745277643,-0.0021293016616255045,0.26477953791618347,-9.169217109680176,0.14709974825382233
2025-03-07 02:09:08.129716,320,240,20,20,7.538477858058468,-0.004260348621755838,-0.007456046529114246,0.0021293016616255045,0.26477953791618347,-9.188830375671387,0.14709974825382233
2025-03-07 02:09:08.160266,320,240,20,20,7.492037855852686,-0.0031956976745277643,-0.008520697243511677,0.0,0.26477953791618347,-9.169217109680176,0.16671304404735565
2025-03-07 02:09:08.195879,320,240,20,20,7.536935357985203,0.0010646508308127522,-0.0005323254154063761,0.0005323254154063761,0.26477953791618347,-9.169217109680176,0.14709974825382233
2025-03-07 02:09:08.226993,320,240,20,20,7.4703428548222295,0.0,-0.007988371886312962,-0.0015969761880114675,0.26477953791618347,-9.188830375671387,0.127486452460289
2025-03-07 02:09:08.265087,320,240,20,20,7.443662853554997,0.0,-0.007988371886312962,0.0021293016616255045,0.26477953791618347,-9.169217109680176,0.14709974825382233
2025-03-07 02:09:08.297827,320,240,20,20,7.466212854626065,-0.0026616270188242197,-0.005324999336153269,-0.0010646508308127522,0.2843928337097168,-9.169217109680176,0.14709974825382233
2025-03-07 02:09:08.328513,320,240,20,20,7.5596628590647015,0.0015969761880114675,-0.003728023264557123,0.0026616270188242197,0.26477953791618347,-9.188830375671387,0.14709974825382233
2025-03-07 02:09:08.360404,320,240,20,20,7.455722854127816,-0.0031956976745277643,-0.0031956976745277643,0.0005323254154063761,0.26477953791618347,-9.169217109680176,0.14709974825382233
2025-03-07 02:09:08.396419,320,240,20,20,7.447762853749737,0.0,-0.0031956976745277643,0.0021293016616255045,0.24516624212265015,-9.169217109680176,0.14709974825382233
2025-03-07 02:09:08.427675,320,240,20,20,7.548865358551848,0.0005323254154063761,-0.006391395349055529,-0.0021293016616255045,0.26477953791618347,-9.188830375671387,0.127486452460289
2025-03-07 02:09:08.460279,320,240,20,20,7.4706103548349345,-0.0021293016616255045,-0.007456046529114246,0.0021293016616255045,0.26477953791618347,-9.188830375671387,0.14709974825382233
2025-03-07 02:09:08.497574,320,240,20,20,7.46996285480418,-0.0026616270188242197,-0.005859069991856813,0.0026616270188242197,0.26477953791618347,-9.188830375671387,0.14709974825382233
2025-03-07 02:09:08.528101,320,240,20,20,7.485840355558321,0.0010646508308127522,-0.007988371886312962,0.0026616270188242197,0.26477953791618347,-9.169217109680176,0.14709974825382233
2025-03-07 02:09:08.561494,320,240,20,20,7.630320362420752,-0.003728023264557123,-0.007456046529114246,0.0010646508308127522,0.26477953791618347,-9.188830375671387,0.14709974825382233
2025-03-07 02:09:08.594540,320,240,20,20,7.463640354503878,0.0,-0.005324999336153269,0.0021293016616255045,0.26477953791618347,-9.169217109680176,0.127486452460289
2025-03-07 02:09:08.629347,320,240,20,20,7.460937854375516,-0.0005323254154063761,-0.010119418613612652,0.0026616270188242197,0.26477953791618347,-9.188830375671387,0.14709974825382233
2025-03-07 02:09:08.661637,320,240,20,20,7.576385359858977,-0.0026616270188242197,-0.005324999336153269,0.0010646508308127522,0.26477953791618347,-9.169217109680176,0.127486452460289
2025-03-07 02:09:08.694751,320,240,20,20,7.516430357011268,0.0005323254154063761,-0.004792673978954554,-0.004260348621755838,0.26477953791618347,-9.169217109680176,0.14709974825382233
2025-03-07 02:09:08.728024,320,240,20,20,7.539017858084117,-0.0005323254154063761,-0.003728023264557123,0.006923720706254244,0.26477953791618347,-9.169217109680176,0.16671304404735565
2025-03-07 02:09:08.763044,320,240,20,20,7.628087862314715,-0.0010646508308127522,-0.007988371886312962,0.0015969761880114675,0.26477953791618347,-9.188830375671387,0.16671304404735565
2025-03-07 02:09:08.793945,320,240,20,20,7.422715352560044,0.0010646508308127522,-0.007988371886312962,0.003728023264557123,0.26477953791618347,-9.169217109680176,0.14709974825382233
2025-03-07 02:09:08.827896,320,240,20,20,7.452672853982949,-0.004260348621755838,-0.007456046529114246,0.0015969761880114675,0.2843928337097168,-9.188830375671387,0.14709974825382233
2025-03-07 02:09:08.861105,320,240,20,20,7.530427857676114,-0.0005323254154063761,-0.008520697243511677,0.0026616270188242197,0.24516624212265015,-9.169217109680176,0.14709974825382233
2025-03-07 02:09:08.896497,320,240,20,20,7.649990363355028,0.0,-0.0021293016616255045,-0.0015969761880114675,0.26477953791618347,-9.188830375671387,0.14709974825382233
2025-03-07 02:09:08.927453,320,240,20,20,7.458377854253922,-0.0015969761880114675,-0.006923720706254244,0.0015969761880114675,0.26477953791618347,-9.169217109680176,0.14709974825382233
2025-03-07 02:09:08.962764,320,240,20,20,7.622122862031392,-0.0015969761880114675,-0.0026616270188242197,0.0031956976745277643,0.26477953791618347,-9.169217109680176,0.14709974825382233
2025-03-07 02:09:08.993893,320,240,20,20,7.487190355622443,-0.007456046529114246,-0.004792673978954554,-0.0005323254154063761,0.26477953791618347,-9.188830375671387,0.14709974825382233
2025-03-07 02:09:09.032365,320,240,20,20,7.517652857069334,0.0,-0.0015969761880114675,0.0026616270188242197,0.26477953791618347,-9.169217109680176,0.14709974825382233
2025-03-07 02:09:09.063638,320,240,20,20,7.434560353122651,-0.0005323254154063761,-0.012250465340912342,0.0005323254154063761,0.26477953791618347,-9.188830375671387,0.14709974825382233
2025-03-07 02:09:09.093633,320,240,20,20,7.641965362973861,-0.0010646508308127522,0.0026616270188242197,0.0005323254154063761,0.26477953791618347,-9.169217109680176,0.14709974825382233
2025-03-07 02:09:09.131010,320,240,20,20,7.465770354605047,-0.003728023264557123,-0.009054767899215221,0.0026616270188242197,0.26477953791618347,-9.169217109680176,0.14709974825382233
2025-03-07 02:09:09.162753,320,240,20,20,7.5831703601812475,0.0005323254154063761,-0.010119418613612652,0.0,0.26477953791618347,-9.169217109680176,0.127486452460289
2025-03-07 02:09:09.193792,320,240,20,20,7.405187851727533,-0.0021293016616255045,-0.006391395349055529,0.0021293016616255045,0.26477953791618347,-9.169217109680176,0.14709974825382233
2025-03-07 02:09:09.234403,320,240,20,20,7.6281803623191085,-0.0031956976745277643,-0.008520697243511677,0.0026616270188242197,0.26477953791618347,-9.169217109680176,0.14709974825382233
2025-03-07 02:09:09.275673,320,240,20,20,7.497665356119978,-0.0005323254154063761,-0.006391395349055529,0.0015969761880114675,0.26477953791618347,-9.169217109680176,0.14709974825382233
2025-03-07 02:09:09.313891,320,240,20,20,7.448867853802222,0.0,-0.003728023264557123,0.0021293016616255045,0.26477953791618347,-9.169217109680176,0.127486452460289
2025-03-07 02:09:09.353110,320,240,20,20,7.64956786333496,-0.0021293016616255045,-0.004260348621755838,0.0015969761880114675,0.26477953791618347,-9.188830375671387,0.14709974825382233
2025-03-07 02:09:09.393903,320,240,20,20,7.545775358405081,-0.0005323254154063761,-0.007456046529114246,0.004792673978954554,0.26477953791618347,-9.188830375671387,0.14709974825382233
2025-03-07 02:09:09.432033,320,240,20,20,7.523220357333775,-0.0026616270188242197,-0.006923720706254244,0.004792673978954554,0.26477953791618347,-9.169217109680176,0.14709974825382233
2025-03-07 02:09:09.466304,320,240,20,20,7.516317857005925,-0.0021293016616255045,-0.004792673978954554,0.003728023264557123,0.26477953791618347,-9.169217109680176,0.10787314921617508
2025-03-07 02:09:09.495968,320,240,20,20,7.617367861805542,-0.005324999336153269,-0.007988371886312962,0.004792673978954554,0.26477953791618347,-9.188830375671387,0.127486452460289
2025-03-07 02:09:09.526848,320,240,20,20,7.518940357130487,-0.0015969761880114675,-0.006923720706254244,0.0026616270188242197,0.24516624212265015,-9.169217109680176,0.14709974825382233
2025-03-07 02:09:09.565376,320,240,20,20,7.49985035622376,-0.0021293016616255045,-0.009587093256413937,0.0010646508308127522,0.26477953791618347,-9.188830375671387,0.14709974825382233
2025-03-07 02:09:09.597388,320,240,20,20,7.354742849331524,-0.004792673978954554,-0.007456046529114246,-0.0021293016616255045,0.26477953791618347,-9.169217109680176,0.127486452460289
2025-03-07 02:09:09.628325,320,240,20,20,7.382600350654684,0.0,-0.010651743970811367,0.0010646508308127522,0.26477953791618347,-9.169217109680176,0.14709974825382233
2025-03-07 02:09:09.661961,320,240,20,20,7.553800358786248,0.0010646508308127522,-0.007456046529114246,0.0010646508308127522,0.26477953791618347,-9.169217109680176,0.14709974825382233
2025-03-07 02:09:09.695899,320,240,20,20,7.548697858543892,-0.0010646508308127522,-0.006391395349055529,-0.0005323254154063761,0.26477953791618347,-9.188830375671387,0.127486452460289
2025-03-07 02:09:09.728821,320,240,20,20,7.486345355582307,-0.0026616270188242197,-0.003728023264557123,0.003728023264557123,0.26477953791618347,-9.169217109680176,0.14709974825382233
2025-03-07 02:09:09.769428,320,240,20,20,7.555797858881124,-0.004792673978954554,-0.010119418613612652,0.0005323254154063761,0.26477953791618347,-9.188830375671387,0.127486452460289
2025-03-07 02:09:09.807885,320,240,20,20,7.397862851379614,0.0,-0.004260348621755838,-0.0021293016616255045,0.26477953791618347,-9.188830375671387,0.127486452460289
2025-03-07 02:09:09.841474,320,240,20,20,7.545917858411849,0.0021293016616255045,-0.005859069991856813,0.0031956976745277643,0.26477953791618347,-9.188830375671387,0.127486452460289
2025-03-07 02:09:09.872087,320,240,20,20,7.465175354576786,-0.0026616270188242197,-0.004792673978954554,0.0015969761880114675,0.26477953791618347,-9.149603843688965,0.14709974825382233
2025-03-07 02:09:09.902291,320,240,20,20,7.477930355182616,-0.0010646508308127522,-0.005324999336153269,0.0026616270188242197,0.24516624212265015,-9.188830375671387,0.14709974825382233
2025-03-07 02:09:09.932820,320,240,20,20,7.42945035287994,0.0021293016616255045,-0.010119418613612652,0.0010646508308127522,0.26477953791618347,-9.188830375671387,0.14709974825382233
2025-03-07 02:09:09.962890,320,240,20,20,7.428710352844791,0.0015969761880114675,-0.006923720706254244,0.0031956976745277643,0.26477953791618347,-9.169217109680176,0.14709974825382233
2025-03-07 02:09:09.993838,320,240,20,20,7.508830356650288,-0.0005323254154063761,-0.008520697243511677,0.0031956976745277643,0.24516624212265015,-9.169217109680176,0.14709974825382233
2025-03-07 02:09:10.027432,320,240,20,20,7.516475357013405,-0.0021293016616255045,-0.004260348621755838,-0.003728023264557123,0.2843928337097168,-9.169217109680176,0.14709974825382233
2025-03-07 02:09:10.063788,320,240,20,20,7.563215359233436,-0.0026616270188242197,-0.007456046529114246,0.003728023264557123,0.26477953791618347,-9.169217109680176,0.14709974825382233
2025-03-07 02:09:10.093911,320,240,20,20,7.518220357096288,0.0021293016616255045,-0.0031956976745277643,-0.0005323254154063761,0.26477953791618347,-9.188830375671387,0.14709974825382233
2025-03-07 02:09:10.135403,320,240,20,20,7.534267857858504,-0.0005323254154063761,-0.005859069991856813,-0.0010646508308127522,0.26477953791618347,-9.188830375671387,0.14709974825382233
2025-03-07 02:09:10.174132,320,240,20,20,7.502107856330985,-0.0021293016616255045,-0.004260348621755838,0.0010646508308127522,0.26477953791618347,-9.169217109680176,0.127486452460289
2025-03-07 02:09:10.212350,320,240,20,20,7.50118285628705,0.0010646508308127522,-0.009054767899215221,0.0010646508308127522,0.26477953791618347,-9.188830375671387,0.14709974825382233
2025-03-07 02:09:10.248839,320,240,20,20,7.527322857528634,-0.003728023264557123,-0.008520697243511677,0.0005323254154063761,0.26477953791618347,-9.169217109680176,0.14709974825382233
2025-03-07 02:09:10.283194,320,240,20,20,7.553115358753712,0.0015969761880114675,-0.004792673978954554,0.0005323254154063761,0.26477953791618347,-9.169217109680176,0.14709974825382233
2025-03-07 02:09:10.313775,320,240,20,20,7.507082856567285,-0.0010646508308127522,-0.007456046529114246,0.0021293016616255045,0.2843928337097168,-9.188830375671387,0.127486452460289
2025-03-07 02:09:10.343737,320,240,20,20,7.576667859872396,-0.003728023264557123,-0.007456046529114246,0.005859069991856813,0.2843928337097168,-9.169217109680176,0.127486452460289
2025-03-07 02:09:10.373042,320,240,20,20,7.5647153593046825,-0.003728023264557123,-0.005859069991856813,0.005324999336153269,0.26477953791618347,-9.169217109680176,0.14709974825382233
2025-03-07 02:09:10.402930,320,240,20,20,7.6411303629342004,0.0010646508308127522,-0.005324999336153269,0.0021293016616255045,0.26477953791618347,-9.169217109680176,0.127486452460289
2025-03-07 02:09:10.432530,320,240,20,20,7.501237856289663,-0.0026616270188242197,-0.004792673978954554,-0.0005323254154063761,0.26477953791618347,-9.169217109680176,0.14709974825382233
2025-03-07 02:09:10.462483,320,240,20,20,7.487172855621611,-0.0015969761880114675,-0.008520697243511677,-0.0005323254154063761,0.2843928337097168,-9.188830375671387,0.127486452460289
2025-03-07 02:09:10.494379,320,240,20,20,7.517335357054253,-0.004260348621755838,-0.009054767899215221,-0.0026616270188242197,0.26477953791618347,-9.188830375671387,0.127486452460289
2025-03-07 02:09:10.530359,320,240,20,20,7.47881785522477,-0.0015969761880114675,-0.006391395349055529,-0.0010646508308127522,0.26477953791618347,-9.169217109680176,0.16671304404735565
2025-03-07 02:09:10.563013,320,240,20,20,7.4709228548497775,-0.0015969761880114675,-0.005859069991856813,0.0005323254154063761,0.26477953791618347,-9.188830375671387,0.14709974825382233
2025-03-07 02:09:10.594111,320,240,20,20,7.477745355173829,-0.0005323254154063761,-0.004792673978954554,-0.0015969761880114675,0.26477953791618347,-9.188830375671387,0.14709974825382233
2025-03-07 02:09:10.632275,320,240,20,20,7.534985357892583,0.0005323254154063761,-0.006391395349055529,0.0010646508308127522,0.26477953791618347,-9.169217109680176,0.14709974825382233
2025-03-07 02:09:10.662883,320,240,20,20,7.462447854447237,-0.0026616270188242197,-0.0031956976745277643,0.0031956976745277643,0.26477953791618347,-9.188830375671387,0.127486452460289
2025-03-07 02:09:10.695661,320,240,20,20,7.582805360163912,0.0021293016616255045,-0.006391395349055529,-0.0005323254154063761,0.2843928337097168,-9.169217109680176,0.14709974825382233
2025-03-07 02:09:10.730067,320,240,20,20,7.440122853386856,0.0031956976745277643,-0.0021293016616255045,0.0,0.26477953791618347,-9.169217109680176,0.16671304404735565
2025-03-07 02:09:10.761246,320,240,20,20,7.495480356016197,-0.0026616270188242197,-0.006391395349055529,0.0015969761880114675,0.26477953791618347,-9.169217109680176,0.14709974825382233
2025-03-07 02:09:10.796820,320,240,20,20,7.417380352306646,-0.003728023264557123,-0.009587093256413937,0.0031956976745277643,0.26477953791618347,-9.188830375671387,0.14709974825382233
2025-03-07 02:09:10.829093,320,240,20,20,7.550212858615851,0.0,-0.005859069991856813,0.004260348621755838,0.26477953791618347,-9.208444595336914,0.127486452460289
2025-03-07 02:09:10.862096,320,240,20,20,7.4138003521366045,-0.0031956976745277643,-0.008520697243511677,0.003728023264557123,0.26477953791618347,-9.169217109680176,0.14709974825382233
2025-03-07 02:09:10.895764,320,240,20,20,7.570102859560575,-0.004792673978954554,-0.009054767899215221,0.0021293016616255045,0.26477953791618347,-9.169217109680176,0.14709974825382233
2025-03-07 02:09:10.929390,320,240,20,20,7.488822855699982,-0.0021293016616255045,-0.005859069991856813,0.003728023264557123,0.26477953791618347,-9.169217109680176,0.14709974825382233
2025-03-07 02:09:10.961617,320,240,20,20,7.465590354596498,-0.0026616270188242197,-0.009054767899215221,0.0031956976745277643,0.26477953791618347,-9.169217109680176,0.14709974825382233
2025-03-07 02:09:10.996262,320,240,20,20,7.48512535552436,-0.0021293016616255045,-0.011718139983713627,0.0010646508308127522,0.26477953791618347,-9.188830375671387,0.14709974825382233
2025-03-07 02:09:11.028739,320,240,20,20,7.5881303604168355,-0.004260348621755838,-0.0031956976745277643,0.006923720706254244,0.26477953791618347,-9.169217109680176,0.14709974825382233
2025-03-07 02:09:11.063926,320,240,20,20,7.521000357228331,-0.0005323254154063761,-0.004260348621755838,0.0005323254154063761,0.26477953791618347,-9.169217109680176,0.127486452460289
2025-03-07 02:09:11.093790,320,240,20,20,7.560690359113505,0.0015969761880114675,-0.005859069991856813,0.0015969761880114675,0.26477953791618347,-9.169217109680176,0.127486452460289
2025-03-07 02:09:11.133948,320,240,20,20,7.624192862129712,-0.0005323254154063761,-0.005324999336153269,0.005324999336153269,0.26477953791618347,-9.188830375671387,0.127486452460289
2025-03-07 02:09:11.167277,320,240,20,20,7.410310351970838,-0.0031956976745277643,-0.004792673978954554,0.003728023264557123,0.26477953791618347,-9.169217109680176,0.16671304404735565
2025-03-07 02:09:11.197966,320,240,20,20,7.452875353992567,-0.0026616270188242197,-0.005324999336153269,0.004260348621755838,0.26477953791618347,-9.169217109680176,0.14709974825382233
2025-03-07 02:09:11.228208,320,240,20,20,7.65231286346534,-0.006923720706254244,-0.005324999336153269,0.0005323254154063761,0.26477953791618347,-9.169217109680176,0.127486452460289
2025-03-07 02:09:11.262385,320,240,20,20,7.604102861175488,-0.004260348621755838,-0.0031956976745277643,0.0,0.24516624212265015,-9.188830375671387,0.127486452460289
2025-03-07 02:09:11.297231,320,240,20,20,7.684232864981459,0.0,-0.0021293016616255045,0.0031956976745277643,0.24516624212265015,-9.188830375671387,0.14709974825382233
2025-03-07 02:09:11.327758,320,240,20,20,7.503612856402469,-0.0026616270188242197,-0.013315116055309772,0.0,0.26477953791618347,-9.169217109680176,0.14709974825382233
2025-03-07 02:09:11.364627,320,240,20,20,7.6501328633617955,-0.0010646508308127522,-0.008520697243511677,0.0015969761880114675,0.26477953791618347,-9.169217109680176,0.127486452460289
2025-03-07 02:09:11.394912,320,240,20,20,7.478882855227857,-0.0026616270188242197,-0.006391395349055529,0.0,0.2843928337097168,-9.169217109680176,0.14709974825382233
2025-03-07 02:09:11.430283,320,240,20,20,7.512217856811185,-0.0026616270188242197,-0.005324999336153269,0.0026616270188242197,0.26477953791618347,-9.188830375671387,0.14709974825382233
2025-03-07 02:09:11.466622,320,240,20,20,7.580287860044336,0.0021293016616255045,-0.004792673978954554,0.003728023264557123,0.26477953791618347,-9.188830375671387,0.14709974825382233
2025-03-07 02:09:11.497298,320,240,20,20,7.582870360166998,0.0005323254154063761,-0.0021293016616255045,0.0031956976745277643,0.26477953791618347,-9.188830375671387,0.14709974825382233
2025-03-07 02:09:11.527769,320,240,20,20,7.57634035985684,-0.0010646508308127522,-0.005859069991856813,-0.0010646508308127522,0.24516624212265015,-9.188830375671387,0.14709974825382233
2025-03-07 02:09:11.565716,320,240,20,20,7.518360357102938,-0.0015969761880114675,0.0,-0.0026616270188242197,0.26477953791618347,-9.169217109680176,0.127486452460289
2025-03-07 02:09:11.595855,320,240,20,20,7.528235357571975,0.0031956976745277643,-0.008520697243511677,0.0021293016616255045,0.26477953791618347,-9.169217109680176,0.14709974825382233
2025-03-07 02:09:11.628109,320,240,20,20,7.5680453594628485,0.0026616270188242197,-0.0031956976745277643,0.0,0.26477953791618347,-9.169217109680176,0.14709974825382233
2025-03-07 02:09:11.664479,320,240,20,20,7.436070353194372,-0.0010646508308127522,-0.003728023264557123,0.005859069991856813,0.26477953791618347,-9.169217109680176,0.14709974825382233
2025-03-07 02:09:11.698010,320,240,20,20,7.567177859421645,0.0010646508308127522,-0.005324999336153269,0.0031956976745277643,0.26477953791618347,-9.169217109680176,0.10787314921617508
2025-03-07 02:09:11.737694,320,240,20,20,7.461060354381334,-0.0021293016616255045,-0.004260348621755838,0.0010646508308127522,0.26477953791618347,-9.188830375671387,0.14709974825382233
2025-03-07 02:09:11.776387,320,240,20,20,7.439027853334847,0.0,-0.0026616270188242197,-0.0010646508308127522,0.26477953791618347,-9.188830375671387,0.14709974825382233
2025-03-07 02:09:11.816649,320,240,20,20,7.479937855277967,-0.0010646508308127522,-0.009054767899215221,0.007456046529114246,0.24516624212265015,-9.169217109680176,0.16671304404735565
2025-03-07 02:09:11.859731,320,240,20,20,7.4697653547947995,-0.0031956976745277643,-0.004260348621755838,0.005859069991856813,0.26477953791618347,-9.188830375671387,0.14709974825382233
2025-03-07 02:09:11.899358,320,240,20,20,7.636850362730911,0.0015969761880114675,-0.006923720706254244,0.0015969761880114675,0.26477953791618347,-9.169217109680176,0.14709974825382233
2025-03-07 02:09:11.942996,320,240,20,20,7.495695356026408,-0.0015969761880114675,-0.004792673978954554,-0.0005323254154063761,0.26477953791618347,-9.188830375671387,0.127486452460289
2025-03-07 02:09:11.980696,320,240,20,20,7.508295356624876,0.0,-0.005324999336153269,-0.0010646508308127522,0.2843928337097168,-9.188830375671387,0.127486452460289
2025-03-07 02:09:12.018179,320,240,20,20,7.588950360455783,-0.0010646508308127522,-0.007456046529114246,0.0031956976745277643,0.2843928337097168,-9.169217109680176,0.127486452460289
2025-03-07 02:09:12.056121,320,240,20,20,7.536282857954211,0.004260348621755838,-0.003728023264557123,-0.0005323254154063761,0.2843928337097168,-9.188830375671387,0.14709974825382233
2025-03-07 02:09:12.092982,320,240,20,20,7.540632858160825,0.0015969761880114675,-0.006391395349055529,0.0005323254154063761,0.26477953791618347,-9.169217109680176,0.127486452460289
2025-03-07 02:09:12.131505,320,240,20,20,7.522977857322258,-0.0021293016616255045,-0.004260348621755838,0.004792673978954554,0.26477953791618347,-9.188830375671387,0.127486452460289
2025-03-07 02:09:12.165359,320,240,20,20,7.472710354934679,-0.004792673978954554,-0.0031956976745277643,-0.0010646508308127522,0.26477953791618347,-9.188830375671387,0.14709974825382233
2025-03-07 02:09:12.201899,320,240,20,20,7.572885359692736,-0.0005323254154063761,-0.005324999336153269,0.0031956976745277643,0.2843928337097168,-9.169217109680176,0.14709974825382233
2025-03-07 02:09:12.236238,320,240,20,20,7.4722978549150865,0.0021293016616255045,-0.006923720706254244,0.0015969761880114675,0.26477953791618347,-9.169217109680176,0.127486452460289
2025-03-07 02:09:12.275029,320,240,20,20,7.483125355429365,-0.0021293016616255045,-0.004792673978954554,0.0015969761880114675,0.26477953791618347,-9.169217109680176,0.127486452460289
2025-03-07 02:09:12.314117,320,240,20,20,7.57355535972456,-0.0005323254154063761,-0.007988371886312962,0.003728023264557123,0.2843928337097168,-9.169217109680176,0.14709974825382233
2025-03-07 02:09:12.353417,320,240,20,20,7.356522849416069,0.0026616270188242197,0.0005323254154063761,0.0031956976745277643,0.2843928337097168,-9.169217109680176,0.14709974825382233
2025-03-07 02:09:12.388579,320,240,20,20,7.5540278587970535,0.0005323254154063761,-0.003728023264557123,0.005324999336153269,0.26477953791618347,-9.169217109680176,0.14709974825382233
2025-03-07 02:09:12.419781,320,240,20,20,7.522600357304327,0.0021293016616255045,-0.009054767899215221,0.0026616270188242197,0.26477953791618347,-9.169217109680176,0.14709974825382233
2025-03-07 02:09:12.449604,320,240,20,20,7.505890356510645,-0.004792673978954554,-0.0031956976745277643,0.0010646508308127522,0.26477953791618347,-9.169217109680176,0.14709974825382233
2025-03-07 02:09:12.479798,320,240,20,20,7.514762856932066,-0.003728023264557123,-0.005859069991856813,-0.0005323254154063761,0.26477953791618347,-9.188830375671387,0.127486452460289
2025-03-07 02:09:12.509992,320,240,20,20,7.499245356195024,0.0026616270188242197,-0.004260348621755838,0.0021293016616255045,0.26477953791618347,-9.169217109680176,0.14709974825382233
2025-03-07 02:09:12.540170,320,240,20,20,7.50331285638822,-0.004260348621755838,-0.006391395349055529,0.0,0.24516624212265015,-9.188830375671387,0.14709974825382233
2025-03-07 02:09:12.569245,320,240,20,20,7.431357852970541,-0.0010646508308127522,-0.004260348621755838,0.0021293016616255045,0.26477953791618347,-9.169217109680176,0.14709974825382233
2025-03-07 02:09:12.598948,320,240,20,20,7.562627859205532,0.0,-0.005859069991856813,0.0015969761880114675,0.26477953791618347,-9.169217109680176,0.127486452460289
2025-03-07 02:09:12.629755,320,240,20,20,7.604105361175607,-0.0010646508308127522,-0.0031956976745277643,0.0031956976745277643,0.26477953791618347,-9.188830375671387,0.127486452460289
2025-03-07 02:09:12.661139,320,240,20,20,7.5690628595111775,0.0010646508308127522,-0.0015969761880114675,0.0031956976745277643,0.26477953791618347,-9.188830375671387,0.14709974825382233
2025-03-07 02:09:12.697702,320,240,20,20,7.624970362166641,-0.004260348621755838,-0.005324999336153269,0.004260348621755838,0.26477953791618347,-9.169217109680176,0.14709974825382233
2025-03-07 02:09:12.728504,320,240,20,20,7.464477854543657,-0.0010646508308127522,-0.0031956976745277643,-0.0010646508308127522,0.2843928337097168,-9.169217109680176,0.14709974825382233
2025-03-07 02:09:12.765184,320,240,20,20,7.556612858919834,-0.0031956976745277643,-0.006923720706254244,0.003728023264557123,0.26477953791618347,-9.169217109680176,0.14709974825382233
2025-03-07 02:09:12.795923,320,240,20,20,7.517542857064109,-0.0021293016616255045,-0.009054767899215221,-0.0015969761880114675,0.26477953791618347,-9.169217109680176,0.127486452460289
2025-03-07 02:09:12.833434,320,240,20,20,7.552735358735663,-0.0021293016616255045,-0.0015969761880114675,-0.0005323254154063761,0.2843928337097168,-9.188830375671387,0.127486452460289
2025-03-07 02:09:12.866812,320,240,20,20,7.642900363018271,-0.0010646508308127522,-0.005324999336153269,0.003728023264557123,0.26477953791618347,-9.188830375671387,0.127486452460289
2025-03-07 02:09:12.906664,320,240,20,20,7.471210354863433,0.0031956976745277643,-0.004260348621755838,-0.0005323254154063761,0.26477953791618347,-9.188830375671387,0.14709974825382233
2025-03-07 02:09:12.944119,320,240,20,20,7.473657854979683,-0.0010646508308127522,-0.005859069991856813,0.003728023264557123,0.26477953791618347,-9.188830375671387,0.127486452460289
2025-03-07 02:09:12.982044,320,240,20,20,7.443105353528518,-0.0005323254154063761,-0.003728023264557123,0.0021293016616255045,0.26477953791618347,-9.169217109680176,0.14709974825382233
2025-03-07 02:09:13.020999,320,240,20,20,7.499270356196211,-0.0015969761880114675,-0.004260348621755838,0.0010646508308127522,0.26477953791618347,-9.188830375671387,0.127486452460289
2025-03-07 02:09:13.057884,320,240,20,20,7.573265359710786,-0.0021293016616255045,-0.007988371886312962,0.0,0.2843928337097168,-9.188830375671387,0.127486452460289
2025-03-07 02:09:13.095738,320,240,20,20,7.6037428611583895,0.0005323254154063761,-0.006391395349055529,0.0010646508308127522,0.24516624212265015,-9.169217109680176,0.14709974825382233
2025-03-07 02:09:13.133479,320,240,20,20,7.555827858882549,-0.0005323254154063761,-0.004260348621755838,0.0021293016616255045,0.26477953791618347,-9.169217109680176,0.14709974825382233
2025-03-07 02:09:13.165893,320,240,20,20,7.455092854097893,-0.0010646508308127522,-0.005324999336153269,0.0010646508308127522,0.2843928337097168,-9.169217109680176,0.127486452460289
2025-03-07 02:09:13.196462,320,240,20,20,7.545442858389288,-0.0015969761880114675,-0.0021293016616255045,0.0015969761880114675,0.26477953791618347,-9.169217109680176,0.14709974825382233
2025-03-07 02:09:13.230217,320,240,20,20,7.7089803661569025,-0.0026616270188242197,-0.004792673978954554,0.003728023264557123,0.26477953791618347,-9.169217109680176,0.127486452460289
2025-03-07 02:09:13.263585,320,240,20,20,7.4957103560271205,-0.0005323254154063761,-0.0031956976745277643,0.005324999336153269,0.26477953791618347,-9.169217109680176,0.14709974825382233
2025-03-07 02:09:13.296673,320,240,20,20,7.522062857278797,0.0010646508308127522,-0.0031956976745277643,0.0015969761880114675,0.26477953791618347,-9.188830375671387,0.127486452460289
2025-03-07 02:09:13.330322,320,240,20,20,7.447845353753655,-0.0010646508308127522,0.0010646508308127522,0.0026616270188242197,0.26477953791618347,-9.188830375671387,0.127486452460289
2025-03-07 02:09:13.363947,320,240,20,20,7.51324285685987,-0.0031956976745277643,-0.005859069991856813,-0.0005323254154063761,0.26477953791618347,-9.169217109680176,0.14709974825382233
2025-03-07 02:09:13.401788,320,240,20,20,7.499285356196924,-0.0026616270188242197,-0.007988371886312962,0.0010646508308127522,0.26477953791618347,-9.169217109680176,0.14709974825382233
2025-03-07 02:09:13.440525,320,240,20,20,7.5185153571103,0.0,-0.008520697243511677,0.003728023264557123,0.26477953791618347,-9.188830375671387,0.14709974825382233
