2025-03-07 01:46:39.829459,320,240,20,20,7.025422833689663,0.0,-0.004260348621755838,0.0015969761880114675,0.24516624212265015,-9.188830375671387,0.08825984597206116
2025-03-07 01:46:39.879081,320,240,20,20,10.723973009361362,0.0010646508308127522,-0.004260348621755838,0.0026616270188242197,0.22555294632911682,-9.188830375671387,0.10787314921617508
2025-03-07 01:46:39.914620,320,240,20,20,10.692033007844293,0.0031956976745277643,-0.005324999336153269,-0.0005323254154063761,0.24516624212265015,-9.188830375671387,0.127486452460289
2025-03-07 01:46:39.945224,320,240,20,20,11.21447553265898,-0.0005323254154063761,-0.003728023264557123,0.0021293016616255045,0.22555294632911682,-9.188830375671387,0.10787314921617508
2025-03-07 01:46:39.975236,320,240,20,20,10.821703014003287,-0.004260348621755838,-0.005859069991856813,0.004792673978954554,0.22555294632911682,-9.169217109680176,0.10787314921617508
2025-03-07 01:46:40.006203,320,240,20,20,10.977313021394366,-0.003728023264557123,-0.004260348621755838,0.0010646508308127522,0.22555294632911682,-9.188830375671387,0.08825984597206116
2025-03-07 01:46:40.035911,320,240,20,20,10.903120517870411,-0.004792673978954554,-0.004792673978954554,-0.0010646508308127522,0.24516624212265015,-9.188830375671387,0.08825984597206116
2025-03-07 01:46:40.066105,320,240,20,20,10.686955507603125,-0.0010646508308127522,-0.005324999336153269,0.005324999336153269,0.22555294632911682,-9.188830375671387,0.08825984597206116
2025-03-07 01:46:40.105964,320,240,20,20,10.888305517166737,-0.0015969761880114675,-0.0021293016616255045,-0.0010646508308127522,0.22555294632911682,-9.188830375671387,0.127486452460289
2025-03-07 01:46:40.137807,320,240,20,20,10.942905519760098,-0.0031956976745277643,-0.006923720706254244,-0.0021293016616255045,0.22555294632911682,-9.188830375671387,0.10787314921617508
2025-03-07 01:46:40.167113,320,240,20,20,10.743553010291361,-0.0010646508308127522,-0.005324999336153269,-0.0026616270188242197,0.22555294632911682,-9.188830375671387,0.08825984597206116
2025-03-07 01:46:40.207949,320,240,20,20,10.812155513549806,-0.0015969761880114675,-0.004260348621755838,0.0026616270188242197,0.22555294632911682,-9.188830375671387,0.08825984597206116
2025-03-07 01:46:40.239107,320,240,20,20,10.649608005829213,0.0,-0.012250465340912342,0.0005323254154063761,0.24516624212265015,-9.169217109680176,0.10787314921617508
2025-03-07 01:46:40.267155,320,240,20,20,10.779430511995452,0.0015969761880114675,-0.004792673978954554,0.0,0.22555294632911682,-9.169217109680176,0.10787314921617508
2025-03-07 01:46:40.306278,320,240,20,20,11.41646804225311,-0.0015969761880114675,-0.009587093256413937,0.0015969761880114675,0.22555294632911682,-9.188830375671387,0.10787314921617508
2025-03-07 01:46:40.336755,320,240,20,20,10.918415518596884,-0.0005323254154063761,-0.0026616270188242197,0.0021293016616255045,0.24516624212265015,-9.169217109680176,0.08825984597206116
2025-03-07 01:46:40.367858,320,240,20,20,11.083253026426245,-0.0026616270188242197,-0.004260348621755838,0.004260348621755838,0.22555294632911682,-9.169217109680176,0.08825984597206116
2025-03-07 01:46:40.407257,320,240,20,20,10.716798009020568,-0.0005323254154063761,-0.010119418613612652,-0.0015969761880114675,0.22555294632911682,-9.188830375671387,0.08825984597206116
2025-03-07 01:46:40.437756,320,240,20,20,10.769220511510502,-0.0015969761880114675,-0.007456046529114246,0.0021293016616255045,0.24516624212265015,-9.188830375671387,0.08825984597206116
2025-03-07 01:46:40.466631,320,240,20,20,10.7732480117018,0.0010646508308127522,-0.006923720706254244,0.0015969761880114675,0.22555294632911682,-9.169217109680176,0.10787314921617508
2025-03-07 01:46:40.505164,320,240,20,20,10.668045506704948,-0.0021293016616255045,-0.005324999336153269,0.005324999336153269,0.24516624212265015,-9.169217109680176,0.10787314921617508
2025-03-07 01:46:40.535066,320,240,20,20,10.957180520438124,-0.003728023264557123,-0.007988371886312962,0.004260348621755838,0.22555294632911682,-9.188830375671387,0.10787314921617508
2025-03-07 01:46:40.585728,320,240,20,20,10.750170510605676,-0.0010646508308127522,-0.0031956976745277643,0.0010646508308127522,0.22555294632911682,-9.188830375671387,0.06864655017852783
2025-03-07 01:46:40.631705,320,240,20,20,11.005560522736051,0.005324999336153269,-0.006923720706254244,0.0021293016616255045,0.22555294632911682,-9.188830375671387,0.06864655017852783
2025-03-07 01:46:40.673264,320,240,20,20,10.955463020356547,-0.0010646508308127522,-0.005859069991856813,0.0015969761880114675,0.22555294632911682,-9.188830375671387,0.08825984597206116
2025-03-07 01:46:40.724233,320,240,20,20,10.860178015830751,-0.0026616270188242197,-0.006923720706254244,0.005324999336153269,0.22555294632911682,-9.188830375671387,0.10787314921617508
2025-03-07 01:46:40.778063,320,240,20,20,10.686808007596118,0.0005323254154063761,-0.006391395349055529,0.0015969761880114675,0.24516624212265015,-9.188830375671387,0.10787314921617508
2025-03-07 01:46:40.820844,320,240,20,20,10.804848013202719,-0.0005323254154063761,-0.006923720706254244,0.0015969761880114675,0.22555294632911682,-9.188830375671387,0.10787314921617508
2025-03-07 01:46:40.869455,320,240,20,20,10.930440519168041,-0.0010646508308127522,-0.0005323254154063761,-0.0005323254154063761,0.22555294632911682,-9.188830375671387,0.08825984597206116
2025-03-07 01:46:40.912386,320,240,20,20,10.734813009876234,0.0,-0.0021293016616255045,0.0005323254154063761,0.22555294632911682,-9.169217109680176,0.10787314921617508
2025-03-07 01:46:40.955112,320,240,20,20,11.091100526798982,0.0,-0.005324999336153269,0.0005323254154063761,0.22555294632911682,-9.188830375671387,0.127486452460289
2025-03-07 01:46:41.000628,320,240,20,20,10.948658020033326,-0.0010646508308127522,-0.0031956976745277643,-0.0005323254154063761,0.24516624212265015,-9.188830375671387,0.10787314921617508
2025-03-07 01:46:41.055575,320,240,20,20,10.859200515784323,-0.005324999336153269,-0.0031956976745277643,0.0021293016616255045,0.22555294632911682,-9.188830375671387,0.06864655017852783
2025-03-07 01:46:41.109343,320,240,20,20,11.236520533706061,-0.0015969761880114675,-0.006923720706254244,0.0010646508308127522,0.24516624212265015,-9.188830375671387,0.127486452460289
2025-03-07 01:46:41.169822,320,240,20,20,10.706453008529206,-0.004260348621755838,-0.005324999336153269,0.004792673978954554,0.22555294632911682,-9.188830375671387,0.10787314921617508
2025-03-07 01:46:41.227982,320,240,20,20,10.523902999858546,0.0,-0.0026616270188242197,-0.0015969761880114675,0.24516624212265015,-9.188830375671387,0.06864655017852783
2025-03-07 01:46:41.285608,320,240,20,20,11.35502053933451,0.0010646508308127522,-0.004792673978954554,-0.0005323254154063761,0.22555294632911682,-9.188830375671387,0.10787314921617508
2025-03-07 01:46:41.342411,320,240,20,20,10.89685551757284,-0.0015969761880114675,-0.005324999336153269,0.003728023264557123,0.24516624212265015,-9.188830375671387,0.127486452460289
2025-03-07 01:46:41.403084,320,240,20,20,11.04860052478034,0.0010646508308127522,-0.005324999336153269,0.004792673978954554,0.24516624212265015,-9.169217109680176,0.08825984597206116
2025-03-07 01:46:41.464558,320,240,20,20,11.02707052375772,0.0005323254154063761,-0.004792673978954554,0.0010646508308127522,0.22555294632911682,-9.188830375671387,0.08825984597206116
2025-03-07 01:46:41.523202,320,240,20,20,10.74039301014127,0.0,-0.004792673978954554,0.0031956976745277643,0.24516624212265015,-9.188830375671387,0.08825984597206116
2025-03-07 01:46:41.581643,320,240,20,20,10.793453012661484,-0.005324999336153269,-0.003728023264557123,0.0005323254154063761,0.24516624212265015,-9.188830375671387,0.08825984597206116
2025-03-07 01:46:41.641079,320,240,20,20,10.85839051574585,0.003728023264557123,-0.005859069991856813,0.0021293016616255045,0.24516624212265015,-9.169217109680176,0.06864655017852783
2025-03-07 01:46:41.699048,320,240,20,20,11.055583025111991,-0.004260348621755838,-0.010119418613612652,0.004792673978954554,0.24516624212265015,-9.188830375671387,0.127486452460289
2025-03-07 01:46:41.737752,320,240,20,20,10.748518010527187,-0.0015969761880114675,-0.0031956976745277643,0.0005323254154063761,0.24516624212265015,-9.169217109680176,0.10787314921617508
2025-03-07 01:46:41.766865,320,240,20,20,10.654198006047228,-0.0026616270188242197,-0.007988371886312962,0.004260348621755838,0.24516624212265015,-9.188830375671387,0.08825984597206116
2025-03-07 01:46:41.795668,320,240,20,20,10.898263017639692,-0.0026616270188242197,-0.006923720706254244,0.0,0.24516624212265015,-9.188830375671387,0.10787314921617508
2025-03-07 01:46:41.845333,320,240,20,20,10.975365521301864,-0.0010646508308127522,-0.007456046529114246,0.0,0.22555294632911682,-9.169217109680176,0.08825984597206116
2025-03-07 01:46:41.879559,320,240,20,20,10.873675516471849,-0.0005323254154063761,-0.006923720706254244,0.0031956976745277643,0.22555294632911682,-9.188830375671387,0.127486452460289
2025-03-07 01:46:41.908519,320,240,20,20,10.764695511295576,-0.005859069991856813,-0.008520697243511677,0.003728023264557123,0.22555294632911682,-9.208444595336914,0.127486452460289
2025-03-07 01:46:41.950807,320,240,20,20,10.976663021363493,0.0,-0.004260348621755838,-0.0010646508308127522,0.22555294632911682,-9.188830375671387,0.127486452460289
2025-03-07 01:46:42.002742,320,240,20,20,10.865595516088069,0.0005323254154063761,-0.003728023264557123,-0.0021293016616255045,0.22555294632911682,-9.169217109680176,0.06864655017852783
2025-03-07 01:46:42.047116,320,240,20,20,10.721960509265774,-0.0015969761880114675,-0.004260348621755838,0.005859069991856813,0.24516624212265015,-9.188830375671387,0.08825984597206116
2025-03-07 01:46:42.085590,320,240,20,20,10.785233012271055,-0.0015969761880114675,-0.008520697243511677,0.0005323254154063761,0.24516624212265015,-9.169217109680176,0.10787314921617508
2025-03-07 01:46:42.119713,320,240,20,20,10.90270301785058,-0.0026616270188242197,-0.010119418613612652,0.0021293016616255045,0.24516624212265015,-9.188830375671387,0.10787314921617508
2025-03-07 01:46:42.157041,320,240,20,20,10.91412551839312,-0.0005323254154063761,-0.006391395349055529,0.005859069991856813,0.22555294632911682,-9.188830375671387,0.10787314921617508
2025-03-07 01:46:42.193894,320,240,20,20,10.949258020061825,0.0021293016616255045,-0.004260348621755838,0.0031956976745277643,0.22555294632911682,-9.188830375671387,0.08825984597206116
2025-03-07 01:46:42.230944,320,240,20,20,11.342253038728085,0.0005323254154063761,-0.0031956976745277643,0.0010646508308127522,0.22555294632911682,-9.188830375671387,0.08825984597206116
2025-03-07 01:46:42.267132,320,240,20,20,10.857283015693246,0.0021293016616255045,-0.0021293016616255045,0.0005323254154063761,0.24516624212265015,-9.169217109680176,0.08825984597206116
2025-03-07 01:46:42.302469,320,240,20,20,10.896978017578657,-0.0015969761880114675,-0.005324999336153269,-0.0021293016616255045,0.22555294632911682,-9.188830375671387,0.127486452460289
2025-03-07 01:46:42.340929,320,240,20,20,10.905620517989155,-0.0005323254154063761,-0.006923720706254244,0.0010646508308127522,0.24516624212265015,-9.188830375671387,0.08825984597206116
2025-03-07 01:46:42.377525,320,240,20,20,10.931135519201053,0.0010646508308127522,-0.011718139983713627,-0.0015969761880114675,0.2059396505355835,-9.188830375671387,0.10787314921617508
2025-03-07 01:46:42.413418,320,240,20,20,10.85204051544424,-0.0005323254154063761,-0.005859069991856813,0.0010646508308127522,0.22555294632911682,-9.188830375671387,0.08825984597206116
2025-03-07 01:46:42.451092,320,240,20,20,10.804668013194169,0.0010646508308127522,-0.007988371886312962,0.0026616270188242197,0.24516624212265015,-9.188830375671387,0.127486452460289
2025-03-07 01:46:42.489880,320,240,20,20,10.83423301459843,-0.0010646508308127522,-0.005859069991856813,0.0026616270188242197,0.24516624212265015,-9.188830375671387,0.10787314921617508
2025-03-07 01:46:42.527005,320,240,20,20,10.615338004201476,-0.0005323254154063761,-0.004260348621755838,0.0,0.24516624212265015,-9.188830375671387,0.127486452460289
2025-03-07 01:46:42.568932,320,240,20,20,11.424230542621808,-0.0010646508308127522,-0.010119418613612652,0.0031956976745277643,0.24516624212265015,-9.188830375671387,0.08825984597206116
2025-03-07 01:46:42.608905,320,240,20,20,11.157815529967774,0.005859069991856813,-0.0026616270188242197,0.0021293016616255045,0.22555294632911682,-9.188830375671387,0.08825984597206116
2025-03-07 01:46:42.651295,320,240,20,20,11.040535524397274,-0.0031956976745277643,-0.004260348621755838,0.0,0.24516624212265015,-9.188830375671387,0.10787314921617508
2025-03-07 01:46:42.690988,320,240,20,20,10.889538017225277,0.0,-0.006923720706254244,0.003728023264557123,0.22555294632911682,-9.169217109680176,0.127486452460289
2025-03-07 01:46:42.729337,320,240,20,20,10.698743008163001,0.0,-0.006391395349055529,0.003728023264557123,0.22555294632911682,-9.188830375671387,0.08825984597206116
2025-03-07 01:46:42.767063,320,240,20,20,11.02305052356678,-0.0010646508308127522,-0.006923720706254244,0.0031956976745277643,0.24516624212265015,-9.188830375671387,0.08825984597206116
2025-03-07 01:46:42.803914,320,240,20,20,10.697200508089736,-0.0010646508308127522,-0.006391395349055529,0.0010646508308127522,0.24516624212265015,-9.188830375671387,0.08825984597206116
2025-03-07 01:46:42.840950,320,240,20,20,10.875650516565656,0.0015969761880114675,-0.005859069991856813,0.0,0.22555294632911682,-9.188830375671387,0.08825984597206116
2025-03-07 01:46:42.880757,320,240,20,20,10.843380515032914,-0.0031956976745277643,-0.005859069991856813,0.0005323254154063761,0.24516624212265015,-9.169217109680176,0.10787314921617508
2025-03-07 01:46:42.919129,320,240,20,20,10.868298016216432,0.0015969761880114675,-0.004260348621755838,0.003728023264557123,0.22555294632911682,-9.188830375671387,0.06864655017852783
2025-03-07 01:46:42.957800,320,240,20,20,10.751915510688558,0.0010646508308127522,-0.006923720706254244,0.0005323254154063761,0.22555294632911682,-9.188830375671387,0.10787314921617508
2025-03-07 01:46:42.998434,320,240,20,20,10.814928013681492,0.003728023264557123,-0.004260348621755838,0.0026616270188242197,0.26477953791618347,-9.188830375671387,0.08825984597206116
2025-03-07 01:46:43.037344,320,240,20,20,10.88937301721744,-0.0010646508308127522,-0.004792673978954554,-0.0005323254154063761,0.24516624212265015,-9.188830375671387,0.10787314921617508
2025-03-07 01:46:43.073444,320,240,20,20,10.69114300780202,0.0015969761880114675,-0.011184069328010082,0.0026616270188242197,0.24516624212265015,-9.188830375671387,0.127486452460289
2025-03-07 01:46:43.109485,320,240,20,20,11.20426803217415,-0.0015969761880114675,-0.004260348621755838,-0.0015969761880114675,0.24516624212265015,-9.169217109680176,0.08825984597206116
2025-03-07 01:46:43.144080,320,240,20,20,10.698550508153858,-0.0010646508308127522,-0.007988371886312962,0.0005323254154063761,0.24516624212265015,-9.188830375671387,0.08825984597206116
2025-03-07 01:46:43.179385,320,240,20,20,10.799283012938394,-0.0021293016616255045,-0.006923720706254244,0.0010646508308127522,0.22555294632911682,-9.188830375671387,0.08825984597206116
2025-03-07 01:46:43.217524,320,240,20,20,10.812875513584004,0.0,-0.004792673978954554,0.0015969761880114675,0.22555294632911682,-9.188830375671387,0.127486452460289
2025-03-07 01:46:43.254211,320,240,20,20,10.889463017221715,-0.0021293016616255045,-0.005324999336153269,-0.0005323254154063761,0.24516624212265015,-9.188830375671387,0.10787314921617508
2025-03-07 01:46:43.290184,320,240,20,20,10.662423006437894,-0.0015969761880114675,-0.0031956976745277643,-0.004260348621755838,0.22555294632911682,-9.188830375671387,0.10787314921617508
2025-03-07 01:46:43.325568,320,240,20,20,10.874415516506996,-0.0010646508308127522,-0.006923720706254244,0.005324999336153269,0.24516624212265015,-9.169217109680176,0.10787314921617508
2025-03-07 01:46:43.357660,320,240,20,20,10.948475520024658,-0.0031956976745277643,-0.007456046529114246,0.0021293016616255045,0.24516624212265015,-9.188830375671387,0.10787314921617508
2025-03-07 01:46:43.386785,320,240,20,20,11.033668024071085,0.0010646508308127522,-0.008520697243511677,0.0015969761880114675,0.22555294632911682,-9.188830375671387,0.10787314921617508
2025-03-07 01:46:43.415764,320,240,20,20,10.760045511074713,-0.0026616270188242197,-0.006923720706254244,0.0026616270188242197,0.24516624212265015,-9.188830375671387,0.127486452460289
2025-03-07 01:46:43.444990,320,240,20,20,10.84468051509466,0.0021293016616255045,-0.003728023264557123,0.0021293016616255045,0.24516624212265015,-9.188830375671387,0.127486452460289
2025-03-07 01:46:43.474180,320,240,20,20,10.959600520553067,-0.0026616270188242197,-0.004260348621755838,0.0005323254154063761,0.24516624212265015,-9.188830375671387,0.08825984597206116
2025-03-07 01:46:43.503616,320,240,20,20,11.068553025728033,0.0,-0.006923720706254244,0.0031956976745277643,0.22555294632911682,-9.188830375671387,0.10787314921617508
2025-03-07 01:46:43.535254,320,240,20,20,10.621128004476486,-0.003728023264557123,-0.005859069991856813,0.004260348621755838,0.22555294632911682,-9.188830375671387,0.08825984597206116
2025-03-07 01:46:43.574081,320,240,20,20,10.829095514354412,0.0010646508308127522,-0.004260348621755838,0.0010646508308127522,0.24516624212265015,-9.169217109680176,0.10787314921617508
2025-03-07 01:46:43.603942,320,240,20,20,10.774850511777913,-0.0010646508308127522,-0.0021293016616255045,0.0021293016616255045,0.22555294632911682,-9.208444595336914,0.10787314921617508
2025-03-07 01:46:43.638710,320,240,20,20,10.790790512535022,-0.0010646508308127522,-0.009054767899215221,0.0,0.22555294632911682,-9.188830375671387,0.127486452460289
2025-03-07 01:46:43.669596,320,240,20,20,10.899468017696927,-0.005324999336153269,-0.010119418613612652,0.003728023264557123,0.24516624212265015,-9.188830375671387,0.10787314921617508
2025-03-07 01:46:43.708146,320,240,20,20,10.696170508040813,0.0010646508308127522,-0.004792673978954554,0.0026616270188242197,0.22555294632911682,-9.169217109680176,0.10787314921617508
2025-03-07 01:46:43.749051,320,240,20,20,10.83717801473831,0.0,-0.0026616270188242197,0.003728023264557123,0.22555294632911682,-9.188830375671387,0.10787314921617508
2025-03-07 01:46:43.787330,320,240,20,20,10.650460505869706,0.0015969761880114675,-0.006391395349055529,-0.0015969761880114675,0.22555294632911682,-9.188830375671387,0.08825984597206116
2025-03-07 01:46:43.824450,320,240,20,20,10.906758018043183,-0.003728023264557123,-0.006391395349055529,0.004260348621755838,0.24516624212265015,-9.208444595336914,0.10787314921617508
2025-03-07 01:46:43.866178,320,240,20,20,10.916665518513764,-0.0005323254154063761,-0.006923720706254244,0.0005323254154063761,0.22555294632911682,-9.169217109680176,0.10787314921617508
2025-03-07 01:46:43.918917,320,240,20,20,10.805353013226703,-0.007456046529114246,-0.007988371886312962,0.003728023264557123,0.22555294632911682,-9.188830375671387,0.127486452460289
2025-03-07 01:46:43.968410,320,240,20,20,10.533038000292436,-0.0026616270188242197,-0.012782790698111057,0.0,0.22555294632911682,-9.188830375671387,0.06864655017852783
2025-03-07 01:46:44.011269,320,240,20,20,11.186680531338789,-0.0021293016616255045,-0.010119418613612652,0.0026616270188242197,0.22555294632911682,-9.188830375671387,0.08825984597206116
2025-03-07 01:46:44.051420,320,240,20,20,10.88167301685171,-0.0005323254154063761,-0.0031956976745277643,0.0021293016616255045,0.22555294632911682,-9.188830375671387,0.08825984597206116
2025-03-07 01:46:44.090757,320,240,20,20,11.36041303959064,-0.0010646508308127522,-0.004792673978954554,0.0005323254154063761,0.24516624212265015,-9.188830375671387,0.10787314921617508
2025-03-07 01:46:44.135147,320,240,20,20,10.788900512445252,-0.0010646508308127522,-0.006391395349055529,0.0021293016616255045,0.22555294632911682,-9.188830375671387,0.08825984597206116
2025-03-07 01:46:44.172472,320,240,20,20,10.92037551868998,-0.0021293016616255045,-0.003728023264557123,0.0031956976745277643,0.22555294632911682,-9.169217109680176,0.08825984597206116
2025-03-07 01:46:44.215452,320,240,20,20,10.725763009446382,-0.004260348621755838,-0.010119418613612652,0.0015969761880114675,0.24516624212265015,-9.169217109680176,0.10787314921617508
2025-03-07 01:46:44.258844,320,240,20,20,10.889423017219816,-0.0021293016616255045,-0.0031956976745277643,0.005324999336153269,0.22555294632911682,-9.169217109680176,0.10787314921617508
2025-03-07 01:46:44.302191,320,240,20,20,10.803005513115204,0.0,-0.003728023264557123,0.004792673978954554,0.22555294632911682,-9.188830375671387,0.08825984597206116
2025-03-07 01:46:44.346539,320,240,20,20,10.823978014111344,-0.0026616270188242197,-0.008520697243511677,-0.0005323254154063761,0.24516624212265015,-9.188830375671387,0.10787314921617508
2025-03-07 01:46:44.386605,320,240,20,20,10.950993020144233,-0.0010646508308127522,-0.005324999336153269,0.004260348621755838,0.22555294632911682,-9.169217109680176,0.08825984597206116
2025-03-07 01:46:44.424024,320,240,20,20,10.980158021529496,0.0005323254154063761,-0.006391395349055529,0.0031956976745277643,0.22555294632911682,-9.208444595336914,0.10787314921617508
2025-03-07 01:46:44.466713,320,240,20,20,10.90562801798951,-0.003728023264557123,-0.003728023264557123,-0.0005323254154063761,0.24516624212265015,-9.169217109680176,0.10787314921617508
2025-03-07 01:46:44.503879,320,240,20,20,10.873783016476954,0.0010646508308127522,-0.010119418613612652,-0.0005323254154063761,0.22555294632911682,-9.188830375671387,0.08825984597206116
2025-03-07 01:46:44.546580,320,240,20,20,10.787345512371393,0.0010646508308127522,-0.004792673978954554,-0.0005323254154063761,0.22555294632911682,-9.188830375671387,0.08825984597206116
2025-03-07 01:46:44.587067,320,240,20,20,10.749878010591782,-0.0026616270188242197,-0.007456046529114246,0.0031956976745277643,0.24516624212265015,-9.169217109680176,0.10787314921617508
2025-03-07 01:46:44.628120,320,240,20,20,11.148885529543623,0.0026616270188242197,-0.008520697243511677,0.0031956976745277643,0.24516624212265015,-9.188830375671387,0.08825984597206116
2025-03-07 01:46:44.667339,320,240,20,20,10.787840512394904,0.0010646508308127522,-0.005324999336153269,0.0005323254154063761,0.22555294632911682,-9.188830375671387,0.10787314921617508
2025-03-07 01:46:44.710408,320,240,20,20,10.858055515729939,-0.0015969761880114675,-0.009054767899215221,-0.0021293016616255045,0.22555294632911682,-9.188830375671387,0.10787314921617508
2025-03-07 01:46:44.746378,320,240,20,20,11.123570528341224,0.0010646508308127522,-0.004260348621755838,0.0026616270188242197,0.22555294632911682,-9.208444595336914,0.08825984597206116
2025-03-07 01:46:44.781934,320,240,20,20,10.602778003604907,-0.004260348621755838,-0.008520697243511677,0.0010646508308127522,0.22555294632911682,-9.188830375671387,0.08825984597206116
2025-03-07 01:46:44.814696,320,240,20,20,10.87409301649168,-0.0005323254154063761,-0.005859069991856813,0.0,0.22555294632911682,-9.188830375671387,0.127486452460289
2025-03-07 01:46:44.844002,320,240,20,20,10.851478015417523,-0.0021293016616255045,-0.007456046529114246,0.0031956976745277643,0.22555294632911682,-9.188830375671387,0.127486452460289
2025-03-07 01:46:44.873469,320,240,20,20,10.886605517085991,-0.0015969761880114675,-0.005859069991856813,0.0005323254154063761,0.24516624212265015,-9.169217109680176,0.08825984597206116
2025-03-07 01:46:44.902145,320,240,20,20,11.01883552336658,-0.0005323254154063761,-0.004260348621755838,0.003728023264557123,0.22555294632911682,-9.169217109680176,0.08825984597206116
2025-03-07 01:46:44.941114,320,240,20,20,11.19893553192087,-0.0026616270188242197,-0.0005323254154063761,0.004260348621755838,0.24516624212265015,-9.208444595336914,0.08825984597206116
2025-03-07 01:46:44.970689,320,240,20,20,10.83658301471005,0.0,-0.005859069991856813,-0.0005323254154063761,0.22555294632911682,-9.188830375671387,0.08825984597206116
2025-03-07 01:46:45.005968,320,240,20,20,10.762765511203906,-0.0005323254154063761,-0.007988371886312962,0.004792673978954554,0.24516624212265015,-9.169217109680176,0.10787314921617508
2025-03-07 01:46:45.036140,320,240,20,20,10.767320511420257,0.0010646508308127522,-0.005324999336153269,0.0005323254154063761,0.24516624212265015,-9.188830375671387,0.10787314921617508
2025-03-07 01:46:45.075499,320,240,20,20,11.32063303770119,-0.003728023264557123,-0.007988371886312962,-0.0005323254154063761,0.24516624212265015,-9.188830375671387,0.10787314921617508
2025-03-07 01:46:45.107076,320,240,20,20,10.841708014953474,-0.0026616270188242197,-0.007456046529114246,0.0031956976745277643,0.24516624212265015,-9.169217109680176,0.08825984597206116
2025-03-07 01:46:45.135855,320,240,20,20,10.945640519890002,-0.0015969761880114675,-0.005859069991856813,-0.0005323254154063761,0.22555294632911682,-9.169217109680176,0.10787314921617508
2025-03-07 01:46:45.175501,320,240,20,20,10.684115507468231,0.0010646508308127522,-0.0021293016616255045,0.0031956976745277643,0.22555294632911682,-9.169217109680176,0.10787314921617508
2025-03-07 01:46:45.206028,320,240,20,20,10.74733801047114,-0.0031956976745277643,-0.005859069991856813,0.0005323254154063761,0.22555294632911682,-9.188830375671387,0.10787314921617508
2025-03-07 01:46:45.242144,320,240,20,20,11.130610528675607,-0.006391395349055529,-0.010651743970811367,0.004260348621755838,0.24516624212265015,-9.188830375671387,0.10787314921617508
2025-03-07 01:46:45.277034,320,240,20,20,11.214273032649363,-0.004792673978954554,-0.007456046529114246,0.0,0.22555294632911682,-9.188830375671387,0.10787314921617508
2025-03-07 01:46:45.315861,320,240,20,20,11.036733024216664,-0.004792673978954554,-0.0026616270188242197,0.003728023264557123,0.22555294632911682,-9.188830375671387,0.08825984597206116
2025-03-07 01:46:45.353370,320,240,20,20,10.676740507117938,0.0005323254154063761,-0.003728023264557123,-0.0005323254154063761,0.2059396505355835,-9.188830375671387,0.08825984597206116
2025-03-07 01:46:45.388235,320,240,20,20,11.047858024745073,-0.0005323254154063761,-0.010119418613612652,0.005859069991856813,0.22555294632911682,-9.188830375671387,0.10787314921617508
2025-03-07 01:46:45.424577,320,240,20,20,10.997668022361177,-0.0005323254154063761,-0.005324999336153269,0.0,0.24516624212265015,-9.188830375671387,0.08825984597206116
2025-03-07 01:46:45.461703,320,240,20,20,10.880663016803737,-0.003728023264557123,-0.005324999336153269,0.0015969761880114675,0.22555294632911682,-9.188830375671387,0.10787314921617508
2025-03-07 01:46:45.501579,320,240,20,20,11.257003034678927,0.0005323254154063761,-0.0031956976745277643,-0.0015969761880114675,0.22555294632911682,-9.188830375671387,0.127486452460289
2025-03-07 01:46:45.539084,320,240,20,20,10.890345517263631,-0.0026616270188242197,-0.007456046529114246,0.0,0.22555294632911682,-9.169217109680176,0.10787314921617508
2025-03-07 01:46:45.575220,320,240,20,20,10.722813009306265,0.0010646508308127522,-0.006391395349055529,0.0026616270188242197,0.26477953791618347,-9.169217109680176,0.10787314921617508
2025-03-07 01:46:45.613125,320,240,20,20,10.943763019800826,0.0010646508308127522,-0.003728023264557123,0.0015969761880114675,0.22555294632911682,-9.188830375671387,0.10787314921617508
2025-03-07 01:46:45.651452,320,240,20,20,11.051325524909771,0.0,-0.004792673978954554,0.0021293016616255045,0.24516624212265015,-9.188830375671387,0.10787314921617508
2025-03-07 01:46:45.688604,320,240,20,20,10.82902051435085,-0.0026616270188242197,-0.004792673978954554,0.003728023264557123,0.22555294632911682,-9.188830375671387,0.10787314921617508
2025-03-07 01:46:45.725720,320,240,20,20,10.668735506737722,0.0005323254154063761,-0.009587093256413937,-0.0005323254154063761,0.22555294632911682,-9.188830375671387,0.10787314921617508
2025-03-07 01:46:45.762152,320,240,20,20,10.8212780139831,0.0031956976745277643,-0.005859069991856813,0.0,0.24516624212265015,-9.188830375671387,0.10787314921617508
2025-03-07 01:46:45.793165,320,240,20,20,10.7926680126242,-0.0031956976745277643,-0.007988371886312962,0.0010646508308127522,0.22555294632911682,-9.188830375671387,0.08825984597206116
2025-03-07 01:46:45.821855,320,240,20,20,10.755978010881517,-0.0005323254154063761,-0.003728023264557123,-0.0021293016616255045,0.24516624212265015,-9.188830375671387,0.10787314921617508
2025-03-07 01:46:45.851093,320,240,20,20,10.583140502672176,0.0005323254154063761,-0.010119418613612652,0.006391395349055529,0.24516624212265015,-9.188830375671387,0.10787314921617508
2025-03-07 01:46:45.889394,320,240,20,20,10.49293549838767,0.0021293016616255045,-0.006923720706254244,0.0005323254154063761,0.22555294632911682,-9.169217109680176,0.10787314921617508
2025-03-07 01:46:45.925740,320,240,20,20,10.775150511792162,0.0021293016616255045,-0.007456046529114246,0.0021293016616255045,0.24516624212265015,-9.188830375671387,0.08825984597206116
2025-03-07 01:46:45.965679,320,240,20,20,10.684908007505873,0.0010646508308127522,-0.003728023264557123,0.004260348621755838,0.24516624212265015,-9.188830375671387,0.08825984597206116
2025-03-07 01:46:46.002717,320,240,20,20,10.874390516505809,-0.0015969761880114675,-0.007456046529114246,0.0026616270188242197,0.22555294632911682,-9.188830375671387,0.10787314921617508
2025-03-07 01:46:46.040711,320,240,20,20,10.66706800665852,-0.0005323254154063761,-0.007456046529114246,0.0031956976745277643,0.22555294632911682,-9.188830375671387,0.10787314921617508
2025-03-07 01:46:46.081709,320,240,20,20,10.749843010590121,0.0010646508308127522,-0.009587093256413937,0.0010646508308127522,0.22555294632911682,-9.188830375671387,0.10787314921617508
2025-03-07 01:46:46.118393,320,240,20,20,10.843203015024482,0.0,-0.007988371886312962,0.0015969761880114675,0.22555294632911682,-9.188830375671387,0.10787314921617508
2025-03-07 01:46:46.156783,320,240,20,20,11.134088028840779,-0.0015969761880114675,-0.007988371886312962,0.0031956976745277643,0.24516624212265015,-9.169217109680176,0.10787314921617508
2025-03-07 01:46:46.194758,320,240,20,20,11.337103038483473,0.0010646508308127522,-0.005859069991856813,0.004260348621755838,0.22555294632911682,-9.188830375671387,0.10787314921617508
2025-03-07 01:46:46.227759,320,240,20,20,10.95585302037507,-0.003728023264557123,-0.0026616270188242197,0.0021293016616255045,0.22555294632911682,-9.169217109680176,0.10787314921617508
2025-03-07 01:46:46.256960,320,240,20,20,10.941520519694313,0.0015969761880114675,-0.010651743970811367,0.004792673978954554,0.22555294632911682,-9.169217109680176,0.10787314921617508
2025-03-07 01:46:46.285708,320,240,20,20,10.848170515260426,-0.003728023264557123,-0.005324999336153269,0.0005323254154063761,0.24516624212265015,-9.188830375671387,0.08825984597206116
2025-03-07 01:46:46.314593,320,240,20,20,10.908710518135923,-0.0005323254154063761,-0.007456046529114246,0.0015969761880114675,0.22555294632911682,-9.188830375671387,0.08825984597206116
2025-03-07 01:46:46.343720,320,240,20,20,10.731910509738373,-0.0026616270188242197,-0.004260348621755838,0.0021293016616255045,0.22555294632911682,-9.188830375671387,0.10787314921617508
2025-03-07 01:46:46.387081,320,240,20,20,11.003683022646873,0.0010646508308127522,-0.008520697243511677,0.004260348621755838,0.24516624212265015,-9.188830375671387,0.10787314921617508
2025-03-07 01:46:46.428012,320,240,20,20,11.396690541313728,-0.0010646508308127522,-0.0026616270188242197,0.0,0.22555294632911682,-9.169217109680176,0.127486452460289
2025-03-07 01:46:46.473802,320,240,20,20,10.828650514333276,-0.004792673978954554,-0.004260348621755838,0.005324999336153269,0.24516624212265015,-9.169217109680176,0.08825984597206116
2025-03-07 01:46:46.510363,320,240,20,20,10.79167051257682,-0.0021293016616255045,-0.007456046529114246,0.0010646508308127522,0.22555294632911682,-9.188830375671387,0.10787314921617508
2025-03-07 01:46:46.548722,320,240,20,20,10.81065551347856,-0.0005323254154063761,-0.007456046529114246,0.0021293016616255045,0.24516624212265015,-9.188830375671387,0.10787314921617508
2025-03-07 01:46:46.586888,320,240,20,20,10.855190515593858,-0.0010646508308127522,-0.003728023264557123,0.0,0.24516624212265015,-9.188830375671387,0.127486452460289
2025-03-07 01:46:46.630842,320,240,20,20,10.858103015732194,0.0005323254154063761,-0.0005323254154063761,0.0,0.24516624212265015,-9.188830375671387,0.08825984597206116
2025-03-07 01:46:46.676180,320,240,20,20,10.937168019487581,-0.003728023264557123,-0.005324999336153269,0.0,0.24516624212265015,-9.188830375671387,0.08825984597206116
2025-03-07 01:46:46.719864,320,240,20,20,10.668803006740927,0.0015969761880114675,-0.003728023264557123,0.0,0.24516624212265015,-9.188830375671387,0.10787314921617508
2025-03-07 01:46:46.764572,320,240,20,20,10.901185517778504,0.0010646508308127522,-0.0021293016616255045,0.0026616270188242197,0.24516624212265015,-9.188830375671387,0.127486452460289
2025-03-07 01:46:46.806249,320,240,20,20,10.822830514056841,-0.004260348621755838,-0.0026616270188242197,0.003728023264557123,0.24516624212265015,-9.188830375671387,0.10787314921617508
2025-03-07 01:46:46.842154,320,240,20,20,10.561150501627708,0.0026616270188242197,-0.004260348621755838,0.0015969761880114675,0.22555294632911682,-9.188830375671387,0.10787314921617508
2025-03-07 01:46:46.884085,320,240,20,20,10.72694050950231,0.0015969761880114675,-0.005324999336153269,0.0,0.22555294632911682,-9.188830375671387,0.08825984597206116
2025-03-07 01:46:46.924912,320,240,20,20,10.716210508992663,0.0005323254154063761,-0.006923720706254244,0.0,0.22555294632911682,-9.188830375671387,0.10787314921617508
2025-03-07 01:46:46.962651,320,240,20,20,10.961278020632744,0.0010646508308127522,-0.009054767899215221,0.0,0.24516624212265015,-9.169217109680176,0.10787314921617508
2025-03-07 01:46:47.002664,320,240,20,20,10.638340505294035,-0.003728023264557123,-0.005859069991856813,0.0031956976745277643,0.24516624212265015,-9.188830375671387,0.08825984597206116
2025-03-07 01:46:47.040272,320,240,20,20,10.75993551106949,0.004260348621755838,-0.009054767899215221,0.004260348621755838,0.22555294632911682,-9.188830375671387,0.10787314921617508
2025-03-07 01:46:47.075830,320,240,20,20,10.530175500156474,0.0021293016616255045,-0.0021293016616255045,0.0021293016616255045,0.22555294632911682,-9.188830375671387,0.08825984597206116
2025-03-07 01:46:47.113772,320,240,20,20,11.041208024429215,-0.0010646508308127522,-0.004260348621755838,0.0010646508308127522,0.24516624212265015,-9.188830375671387,0.10787314921617508
2025-03-07 01:46:47.156367,320,240,20,20,11.074950526031898,-0.0015969761880114675,-0.0021293016616255045,0.0010646508308127522,0.22555294632911682,-9.208444595336914,0.10787314921617508
2025-03-07 01:46:47.192370,320,240,20,20,10.808463013374421,-0.0031956976745277643,-0.004792673978954554,0.0021293016616255045,0.22555294632911682,-9.169217109680176,0.127486452460289
2025-03-07 01:46:47.222278,320,240,20,20,11.057190525188343,-0.0021293016616255045,-0.0026616270188242197,0.0026616270188242197,0.22555294632911682,-9.188830375671387,0.10787314921617508
2025-03-07 01:46:47.259501,320,240,20,20,10.577390502399066,0.0005323254154063761,-0.004792673978954554,0.0010646508308127522,0.24516624212265015,-9.188830375671387,0.10787314921617508
2025-03-07 01:46:47.306804,320,240,20,20,10.820080513926223,-0.0026616270188242197,-0.007988371886312962,0.0031956976745277643,0.22555294632911682,-9.169217109680176,0.06864655017852783
2025-03-07 01:46:47.348530,320,240,20,20,11.17712553088495,-0.0026616270188242197,-0.005859069991856813,-0.0005323254154063761,0.22555294632911682,-9.188830375671387,0.10787314921617508
2025-03-07 01:46:47.392350,320,240,20,20,10.823823014103983,-0.0010646508308127522,-0.004260348621755838,0.0026616270188242197,0.22555294632911682,-9.169217109680176,0.10787314921617508
2025-03-07 01:46:47.431704,320,240,20,20,11.14161052919808,0.0010646508308127522,-0.004792673978954554,-0.0010646508308127522,0.22555294632911682,-9.169217109680176,0.10787314921617508
2025-03-07 01:46:47.469606,320,240,20,20,10.766408011376916,-0.004792673978954554,-0.004260348621755838,0.0,0.24516624212265015,-9.169217109680176,0.08825984597206116
2025-03-07 01:46:47.506457,320,240,20,20,10.76393301125936,-0.0005323254154063761,-0.0031956976745277643,0.0026616270188242197,0.24516624212265015,-9.188830375671387,0.08825984597206116
2025-03-07 01:46:47.543549,320,240,20,20,11.013185523098219,-0.0021293016616255045,-0.0031956976745277643,0.0015969761880114675,0.22555294632911682,-9.169217109680176,0.10787314921617508
2025-03-07 01:46:47.581465,320,240,20,20,10.643298005529505,-0.0005323254154063761,-0.004260348621755838,0.0021293016616255045,0.22555294632911682,-9.188830375671387,0.10787314921617508
2025-03-07 01:46:47.618051,320,240,20,20,10.836448014703638,-0.0010646508308127522,-0.009054767899215221,-0.0021293016616255045,0.24516624212265015,-9.188830375671387,0.10787314921617508
2025-03-07 01:46:47.650846,320,240,20,20,10.612375504060765,-0.003728023264557123,-0.010119418613612652,0.0021293016616255045,0.24516624212265015,-9.188830375671387,0.06864655017852783
2025-03-07 01:46:47.681052,320,240,20,20,10.98343552168517,-0.0010646508308127522,-0.003728023264557123,0.0005323254154063761,0.24516624212265015,-9.169217109680176,0.10787314921617508
2025-03-07 01:46:47.710007,320,240,20,20,10.851635515425006,0.0,-0.004260348621755838,0.0010646508308127522,0.22555294632911682,-9.188830375671387,0.10787314921617508
2025-03-07 01:46:47.738959,320,240,20,20,10.886573017084448,-0.0031956976745277643,-0.008520697243511677,0.0026616270188242197,0.22555294632911682,-9.169217109680176,0.10787314921617508
2025-03-07 01:46:47.770467,320,240,20,20,10.906335518023116,-0.0015969761880114675,-0.008520697243511677,0.0026616270188242197,0.24516624212265015,-9.188830375671387,0.10787314921617508
2025-03-07 01:46:47.808047,320,240,20,20,10.953838020279363,-0.0015969761880114675,-0.0005323254154063761,0.0021293016616255045,0.24516624212265015,-9.188830375671387,0.08825984597206116
2025-03-07 01:46:47.838921,320,240,20,20,11.024545523637789,0.0010646508308127522,-0.005859069991856813,0.0,0.24516624212265015,-9.169217109680176,0.10787314921617508
2025-03-07 01:46:47.873633,320,240,20,20,10.767988011451962,0.0,-0.0031956976745277643,0.0021293016616255045,0.22555294632911682,-9.169217109680176,0.10787314921617508
2025-03-07 01:46:47.903974,320,240,20,20,10.749650510580977,0.0021293016616255045,-0.003728023264557123,-0.0005323254154063761,0.22555294632911682,-9.188830375671387,0.10787314921617508
2025-03-07 01:46:47.943286,320,240,20,20,10.941253019681607,-0.0010646508308127522,-0.006923720706254244,0.004260348621755838,0.22555294632911682,-9.188830375671387,0.127486452460289
2025-03-07 01:46:47.973770,320,240,20,20,10.704868008453923,-0.0005323254154063761,-0.008520697243511677,0.0,0.24516624212265015,-9.188830375671387,0.08825984597206116
2025-03-07 01:46:48.003339,320,240,20,20,10.775618011814368,-0.004792673978954554,-0.005324999336153269,0.0015969761880114675,0.24516624212265015,-9.208444595336914,0.08825984597206116
2025-03-07 01:46:48.041460,320,240,20,20,10.67964050725568,-0.0021293016616255045,-0.0021293016616255045,0.004260348621755838,0.24516624212265015,-9.188830375671387,0.10787314921617508
2025-03-07 01:46:48.071343,320,240,20,20,11.059500525298063,-0.0005323254154063761,-0.005859069991856813,-0.0026616270188242197,0.24516624212265015,-9.169217109680176,0.10787314921617508
2025-03-07 01:46:48.108301,320,240,20,20,10.772453011664037,0.0005323254154063761,-0.004792673978954554,0.005859069991856813,0.22555294632911682,-9.169217109680176,0.08825984597206116
2025-03-07 01:46:48.138327,320,240,20,20,11.07962302625383,-0.0010646508308127522,-0.007456046529114246,0.0005323254154063761,0.24516624212265015,-9.169217109680176,0.10787314921617508
2025-03-07 01:46:48.175376,320,240,20,20,10.644845505603007,0.0,-0.005324999336153269,-0.0005323254154063761,0.22555294632911682,-9.169217109680176,0.08825984597206116
2025-03-07 01:46:48.205115,320,240,20,20,11.024973023658095,0.0010646508308127522,-0.006391395349055529,0.0010646508308127522,0.24516624212265015,-9.188830375671387,0.08825984597206116
2025-03-07 01:46:48.240565,320,240,20,20,10.84621301516745,-0.0026616270188242197,-0.006923720706254244,0.0010646508308127522,0.22555294632911682,-9.188830375671387,0.08825984597206116
2025-03-07 01:46:48.270575,320,240,20,20,10.817073013783375,-0.0005323254154063761,-0.004792673978954554,0.005859069991856813,0.24516624212265015,-9.188830375671387,0.08825984597206116
2025-03-07 01:46:48.311375,320,240,20,20,11.175390530802542,-0.0005323254154063761,-0.005324999336153269,-0.0005323254154063761,0.24516624212265015,-9.188830375671387,0.10787314921617508
2025-03-07 01:46:48.350275,320,240,20,20,10.982395521635771,-0.0015969761880114675,-0.004260348621755838,0.0005323254154063761,0.24516624212265015,-9.188830375671387,0.08825984597206116
2025-03-07 01:46:48.387267,320,240,20,20,10.630280504911207,-0.0005323254154063761,-0.0010646508308127522,0.0021293016616255045,0.24516624212265015,-9.188830375671387,0.10787314921617508
2025-03-07 01:46:48.424557,320,240,20,20,10.931600519223139,-0.0021293016616255045,-0.004792673978954554,0.0026616270188242197,0.26477953791618347,-9.188830375671387,0.08825984597206116
2025-03-07 01:46:48.462494,320,240,20,20,10.822273014030362,-0.0010646508308127522,-0.007988371886312962,0.0021293016616255045,0.24516624212265015,-9.188830375671387,0.10787314921617508
2025-03-07 01:46:48.503115,320,240,20,20,10.72708050950896,-0.0010646508308127522,-0.005324999336153269,-0.0005323254154063761,0.24516624212265015,-9.169217109680176,0.10787314921617508
2025-03-07 01:46:48.539873,320,240,20,20,10.894400517456234,0.0,-0.005324999336153269,0.0021293016616255045,0.22555294632911682,-9.188830375671387,0.10787314921617508
2025-03-07 01:46:48.576989,320,240,20,20,10.86076051585842,-0.0010646508308127522,-0.0015969761880114675,-0.0026616270188242197,0.22555294632911682,-9.188830375671387,0.10787314921617508
2025-03-07 01:46:48.616173,320,240,20,20,10.894225517447921,0.0015969761880114675,-0.005859069991856813,0.003728023264557123,0.24516624212265015,-9.188830375671387,0.08825984597206116
2025-03-07 01:46:48.653422,320,240,20,20,11.114200527896173,-0.0005323254154063761,-0.007456046529114246,-0.0005323254154063761,0.24516624212265015,-9.169217109680176,0.10787314921617508
2025-03-07 01:46:48.696585,320,240,20,20,10.797415512849692,-0.0031956976745277643,-0.006923720706254244,0.0031956976745277643,0.24516624212265015,-9.188830375671387,0.10787314921617508
2025-03-07 01:46:48.736278,320,240,20,20,10.607838003845245,-0.0026616270188242197,-0.005859069991856813,0.0026616270188242197,0.24516624212265015,-9.169217109680176,0.08825984597206116
2025-03-07 01:46:48.774960,320,240,20,20,10.768555511478917,-0.0026616270188242197,-0.006391395349055529,0.003728023264557123,0.24516624212265015,-9.188830375671387,0.10787314921617508
2025-03-07 01:46:48.812209,320,240,20,20,10.676970507128862,0.0,-0.009587093256413937,0.0026616270188242197,0.24516624212265015,-9.188830375671387,0.08825984597206116
2025-03-07 01:46:48.851938,320,240,20,20,11.222698033049529,-0.0010646508308127522,-0.006391395349055529,0.0015969761880114675,0.22555294632911682,-9.208444595336914,0.08825984597206116
2025-03-07 01:46:48.893390,320,240,20,20,10.77581301182363,-0.0015969761880114675,-0.003728023264557123,0.0026616270188242197,0.22555294632911682,-9.188830375671387,0.08825984597206116
2025-03-07 01:46:48.932051,320,240,20,20,10.57951300249988,0.0015969761880114675,-0.007456046529114246,-0.0010646508308127522,0.22555294632911682,-9.169217109680176,0.10787314921617508
2025-03-07 01:46:48.969224,320,240,20,20,10.786488012330665,0.0,-0.007988371886312962,0.0021293016616255045,0.22555294632911682,-9.188830375671387,0.08825984597206116
2025-03-07 01:46:49.001065,320,240,20,20,10.913585518367473,0.0021293016616255045,-0.005324999336153269,0.0026616270188242197,0.24516624212265015,-9.188830375671387,0.10787314921617508
2025-03-07 01:46:49.029615,320,240,20,20,10.917175518537988,-0.0010646508308127522,-0.007988371886312962,0.0031956976745277643,0.24516624212265015,-9.188830375671387,0.10787314921617508
2025-03-07 01:46:49.058788,320,240,20,20,10.873310516454513,0.0,-0.006923720706254244,0.006923720706254244,0.22555294632911682,-9.169217109680176,0.10787314921617508
2025-03-07 01:46:49.088400,320,240,20,20,11.2608005348593,0.0005323254154063761,-0.008520697243511677,0.0026616270188242197,0.24516624212265015,-9.188830375671387,0.10787314921617508
2025-03-07 01:46:49.117698,320,240,20,20,10.815483013707853,0.0010646508308127522,-0.005859069991856813,0.0,0.22555294632911682,-9.188830375671387,0.08825984597206116
2025-03-07 01:46:49.147703,320,240,20,20,11.225773033195583,-0.0026616270188242197,-0.008520697243511677,-0.0005323254154063761,0.24516624212265015,-9.188830375671387,0.10787314921617508
2025-03-07 01:46:49.186643,320,240,20,20,10.752913010735938,-0.0015969761880114675,-0.007988371886312962,0.0021293016616255045,0.22555294632911682,-9.188830375671387,0.10787314921617508
2025-03-07 01:46:49.224228,320,240,20,20,10.833063014542859,-0.0026616270188242197,-0.006391395349055529,0.0010646508308127522,0.22555294632911682,-9.169217109680176,0.10787314921617508
2025-03-07 01:46:49.263104,320,240,20,20,10.953138020246115,0.0026616270188242197,-0.006923720706254244,0.0015969761880114675,0.22555294632911682,-9.169217109680176,0.10787314921617508
2025-03-07 01:46:49.300680,320,240,20,20,10.954585520314868,-0.004260348621755838,-0.006923720706254244,-0.0005323254154063761,0.22555294632911682,-9.169217109680176,0.08825984597206116
2025-03-07 01:46:49.340991,320,240,20,20,10.689300507714506,0.0015969761880114675,-0.009587093256413937,0.0031956976745277643,0.24516624212265015,-9.169217109680176,0.127486452460289
2025-03-07 01:46:49.387577,320,240,20,20,11.112665527823264,-0.0015969761880114675,-0.004260348621755838,0.0015969761880114675,0.22555294632911682,-9.188830375671387,0.08825984597206116
2025-03-07 01:46:49.430082,320,240,20,20,10.792223012603063,-0.0031956976745277643,-0.007456046529114246,0.0021293016616255045,0.22555294632911682,-9.188830375671387,0.06864655017852783
2025-03-07 01:46:49.469660,320,240,20,20,10.85234051545849,-0.0021293016616255045,-0.003728023264557123,0.0021293016616255045,0.22555294632911682,-9.188830375671387,0.10787314921617508
2025-03-07 01:46:49.507041,320,240,20,20,10.874078016490966,-0.005859069991856813,-0.009587093256413937,0.0021293016616255045,0.24516624212265015,-9.188830375671387,0.10787314921617508
2025-03-07 01:46:49.543283,320,240,20,20,10.901368017787172,-0.0010646508308127522,-0.006391395349055529,0.0015969761880114675,0.22555294632911682,-9.188830375671387,0.08825984597206116
2025-03-07 01:46:49.572570,320,240,20,20,10.659143006282102,-0.0010646508308127522,-0.004792673978954554,0.0,0.22555294632911682,-9.188830375671387,0.10787314921617508
2025-03-07 01:46:49.610347,320,240,20,20,10.98273802165204,0.0021293016616255045,-0.005859069991856813,0.0021293016616255045,0.22555294632911682,-9.188830375671387,0.08825984597206116
2025-03-07 01:46:49.640183,320,240,20,20,11.150818029635412,-0.0015969761880114675,-0.003728023264557123,0.0031956976745277643,0.24516624212265015,-9.188830375671387,0.10787314921617508
2025-03-07 01:46:49.678976,320,240,20,20,11.088390526670263,-0.0015969761880114675,-0.006923720706254244,-0.0005323254154063761,0.22555294632911682,-9.188830375671387,0.08825984597206116
2025-03-07 01:46:49.723515,320,240,20,20,10.726560509484262,0.0005323254154063761,-0.005324999336153269,0.0015969761880114675,0.22555294632911682,-9.169217109680176,0.08825984597206116
2025-03-07 01:46:49.766416,320,240,20,20,10.858285515740864,-0.0026616270188242197,-0.006923720706254244,-0.0015969761880114675,0.24516624212265015,-9.188830375671387,0.10787314921617508
2025-03-07 01:46:49.807707,320,240,20,20,10.903613017893804,0.0,-0.009054767899215221,0.0031956976745277643,0.24516624212265015,-9.188830375671387,0.08825984597206116
2025-03-07 01:46:49.840980,320,240,20,20,11.13997552912042,-0.004792673978954554,-0.008520697243511677,0.0021293016616255045,0.22555294632911682,-9.188830375671387,0.06864655017852783
2025-03-07 01:46:49.881649,320,240,20,20,10.872340516408439,0.0005323254154063761,-0.005859069991856813,0.0021293016616255045,0.24516624212265015,-9.188830375671387,0.08825984597206116
2025-03-07 01:46:49.922786,320,240,20,20,10.699910508218455,-0.003728023264557123,-0.003728023264557123,0.0010646508308127522,0.22555294632911682,-9.188830375671387,0.10787314921617508
2025-03-07 01:46:49.957515,320,240,20,20,10.594095503192511,0.0015969761880114675,-0.005324999336153269,0.0005323254154063761,0.24516624212265015,-9.188830375671387,0.127486452460289
2025-03-07 01:46:49.997926,320,240,20,20,10.950910520140315,0.0,-0.008520697243511677,0.0015969761880114675,0.24516624212265015,-9.188830375671387,0.08825984597206116
2025-03-07 01:46:50.042628,320,240,20,20,10.92610551896214,-0.0031956976745277643,-0.012782790698111057,0.0021293016616255045,0.22555294632911682,-9.188830375671387,0.08825984597206116
2025-03-07 01:46:50.089544,320,240,20,20,11.070038025798567,-0.0026616270188242197,-0.004792673978954554,0.004260348621755838,0.24516624212265015,-9.188830375671387,0.10787314921617508
2025-03-07 01:46:50.132385,320,240,20,20,10.603765503651811,-0.0026616270188242197,-0.006391395349055529,0.0015969761880114675,0.22555294632911682,-9.169217109680176,0.08825984597206116
2025-03-07 01:46:50.173266,320,240,20,20,10.714070508891018,-0.0005323254154063761,-0.005324999336153269,0.0031956976745277643,0.24516624212265015,-9.188830375671387,0.10787314921617508
2025-03-07 01:46:50.212742,320,240,20,20,11.16888803049369,0.0010646508308127522,-0.007456046529114246,0.0005323254154063761,0.24516624212265015,-9.188830375671387,0.08825984597206116
2025-03-07 01:46:50.251823,320,240,20,20,10.593138003147033,0.0010646508308127522,-0.006923720706254244,0.0021293016616255045,0.22555294632911682,-9.208444595336914,0.08825984597206116
2025-03-07 01:46:50.288600,320,240,20,20,10.887845517144887,-0.0021293016616255045,-0.003728023264557123,0.0,0.22555294632911682,-9.188830375671387,0.08825984597206116
2025-03-07 01:46:50.324686,320,240,20,20,10.874978016533714,-0.0010646508308127522,-0.008520697243511677,0.0021293016616255045,0.22555294632911682,-9.188830375671387,0.10787314921617508
2025-03-07 01:46:50.364041,320,240,20,20,10.968918020995625,-0.0026616270188242197,-0.007988371886312962,0.0015969761880114675,0.24516624212265015,-9.188830375671387,0.10787314921617508
2025-03-07 01:46:50.397591,320,240,20,20,10.628338004818943,0.0,-0.004792673978954554,0.0015969761880114675,0.22555294632911682,-9.188830375671387,0.127486452460289
2025-03-07 01:46:50.436448,320,240,20,20,10.984053021714498,-0.0021293016616255045,-0.007456046529114246,0.003728023264557123,0.24516624212265015,-9.169217109680176,0.08825984597206116
2025-03-07 01:46:50.480466,320,240,20,20,10.696965508078573,0.0005323254154063761,-0.007456046529114246,0.0015969761880114675,0.2059396505355835,-9.188830375671387,0.10787314921617508
2025-03-07 01:46:50.523348,320,240,20,20,10.863690515997586,-0.003728023264557123,-0.0031956976745277643,0.0021293016616255045,0.22555294632911682,-9.188830375671387,0.08825984597206116
2025-03-07 01:46:50.567398,320,240,20,20,10.72722050951561,0.0021293016616255045,-0.005324999336153269,-0.003728023264557123,0.24516624212265015,-9.188830375671387,0.127486452460289
2025-03-07 01:46:50.610567,320,240,20,20,11.149640529579482,-0.003728023264557123,-0.008520697243511677,-0.0015969761880114675,0.24516624212265015,-9.188830375671387,0.08825984597206116
2025-03-07 01:46:50.646593,320,240,20,20,10.634013005088491,-0.004792673978954554,-0.009587093256413937,0.0015969761880114675,0.22555294632911682,-9.188830375671387,0.127486452460289
2025-03-07 01:46:50.685668,320,240,20,20,10.811795513532706,-0.0005323254154063761,-0.007988371886312962,0.004260348621755838,0.24516624212265015,-9.169217109680176,0.10787314921617508
2025-03-07 01:46:50.720039,320,240,20,20,10.791523012569815,-0.0010646508308127522,-0.004260348621755838,-0.0021293016616255045,0.24516624212265015,-9.169217109680176,0.10787314921617508
2025-03-07 01:46:50.756965,320,240,20,20,10.718238009088964,0.0,-0.007456046529114246,0.0005323254154063761,0.22555294632911682,-9.188830375671387,0.08825984597206116
2025-03-07 01:46:50.789252,320,240,20,20,10.835918014678464,0.003728023264557123,-0.004260348621755838,0.0,0.22555294632911682,-9.169217109680176,0.10787314921617508
2025-03-07 01:46:50.818022,320,240,20,20,10.90324301787623,-0.004260348621755838,-0.008520697243511677,0.0,0.22555294632911682,-9.188830375671387,0.08825984597206116
2025-03-07 01:46:50.847052,320,240,20,20,10.749240510561503,-0.0005323254154063761,-0.0021293016616255045,0.0,0.22555294632911682,-9.188830375671387,0.08825984597206116
2025-03-07 01:46:50.875694,320,240,20,20,10.98719552186376,-0.0010646508308127522,-0.006391395349055529,0.0026616270188242197,0.24516624212265015,-9.188830375671387,0.10787314921617508
2025-03-07 01:46:50.904943,320,240,20,20,11.038860524317716,-0.0010646508308127522,-0.0031956976745277643,-0.0005323254154063761,0.24516624212265015,-9.188830375671387,0.10787314921617508
2025-03-07 01:46:50.939697,320,240,20,20,10.827305514269392,0.0,-0.004260348621755838,0.0010646508308127522,0.22555294632911682,-9.188830375671387,0.127486452460289
2025-03-07 01:46:50.981197,320,240,20,20,11.046118024662428,-0.0010646508308127522,-0.0010646508308127522,-0.0015969761880114675,0.22555294632911682,-9.188830375671387,0.08825984597206116
2025-03-07 01:46:51.024902,320,240,20,20,10.800590513000497,-0.0021293016616255045,0.0010646508308127522,0.0015969761880114675,0.22555294632911682,-9.208444595336914,0.10787314921617508
2025-03-07 01:46:51.068155,320,240,20,20,10.940540519647765,-0.0021293016616255045,-0.005324999336153269,0.0015969761880114675,0.22555294632911682,-9.188830375671387,0.10787314921617508
2025-03-07 01:46:51.104997,320,240,20,20,10.755525510860025,-0.004260348621755838,-0.006923720706254244,-0.0021293016616255045,0.22555294632911682,-9.188830375671387,0.08825984597206116
2025-03-07 01:46:51.141802,320,240,20,20,10.886598017085635,-0.0015969761880114675,-0.013315116055309772,0.0031956976745277643,0.24516624212265015,-9.188830375671387,0.10787314921617508
2025-03-07 01:46:51.177893,320,240,20,20,10.935923019428447,-0.0021293016616255045,-0.007456046529114246,0.004792673978954554,0.24516624212265015,-9.188830375671387,0.08825984597206116
2025-03-07 01:46:51.217845,320,240,20,20,10.657785506217625,-0.003728023264557123,-0.007988371886312962,-0.0005323254154063761,0.22555294632911682,-9.188830375671387,0.10787314921617508
2025-03-07 01:46:51.259225,320,240,20,20,10.941873019711057,-0.0026616270188242197,-0.009054767899215221,0.0010646508308127522,0.24516624212265015,-9.188830375671387,0.08825984597206116
2025-03-07 01:46:51.305548,320,240,20,20,10.588070502906339,-0.0021293016616255045,-0.005859069991856813,0.0031956976745277643,0.22555294632911682,-9.188830375671387,0.10787314921617508
2025-03-07 01:46:51.348011,320,240,20,20,11.320870537712471,0.0015969761880114675,-0.005324999336153269,0.0010646508308127522,0.22555294632911682,-9.169217109680176,0.10787314921617508
2025-03-07 01:46:51.391238,320,240,20,20,10.960200520581566,0.0010646508308127522,0.0,0.0010646508308127522,0.22555294632911682,-9.188830375671387,0.10787314921617508
2025-03-07 01:46:51.427976,320,240,20,20,11.019295523388427,-0.0005323254154063761,-0.007988371886312962,0.0015969761880114675,0.24516624212265015,-9.188830375671387,0.08825984597206116
2025-03-07 01:46:51.459931,320,240,20,20,10.902205517826951,0.0021293016616255045,-0.006923720706254244,0.005859069991856813,0.22555294632911682,-9.169217109680176,0.08825984597206116
2025-03-07 01:46:51.489109,320,240,20,20,11.109163027656905,-0.0015969761880114675,-0.005324999336153269,0.0026616270188242197,0.22555294632911682,-9.188830375671387,0.10787314921617508
2025-03-07 01:46:51.518687,320,240,20,20,10.764648011293321,0.0,-0.007456046529114246,0.0,0.22555294632911682,-9.169217109680176,0.10787314921617508
2025-03-07 01:46:51.547800,320,240,20,20,10.829523014374718,0.0010646508308127522,-0.007456046529114246,0.0015969761880114675,0.22555294632911682,-9.188830375671387,0.08825984597206116
2025-03-07 01:46:51.576997,320,240,20,20,10.751093010649493,-0.003728023264557123,-0.010651743970811367,0.0026616270188242197,0.24516624212265015,-9.169217109680176,0.08825984597206116
2025-03-07 01:46:51.606068,320,240,20,20,10.757558010956563,-0.0031956976745277643,-0.010119418613612652,0.0031956976745277643,0.22555294632911682,-9.169217109680176,0.10787314921617508
2025-03-07 01:46:51.640037,320,240,20,20,10.948195520011359,-0.0005323254154063761,-0.006391395349055529,0.003728023264557123,0.22555294632911682,-9.169217109680176,0.10787314921617508
2025-03-07 01:46:51.676649,320,240,20,20,10.646443005678885,-0.0015969761880114675,-0.003728023264557123,0.0010646508308127522,0.22555294632911682,-9.188830375671387,0.10787314921617508
2025-03-07 01:46:51.706756,320,240,20,20,10.706890508549986,-0.0015969761880114675,-0.0026616270188242197,0.0005323254154063761,0.24516624212265015,-9.188830375671387,0.10787314921617508
2025-03-07 01:46:51.741886,320,240,20,20,10.80006551297556,-0.005324999336153269,-0.006391395349055529,0.0031956976745277643,0.22555294632911682,-9.169217109680176,0.10787314921617508
2025-03-07 01:46:51.780000,320,240,20,20,10.845505515133846,0.0010646508308127522,-0.0005323254154063761,-0.0015969761880114675,0.22555294632911682,-9.188830375671387,0.08825984597206116
2025-03-07 01:46:51.818269,320,240,20,20,10.835963014680601,-0.0026616270188242197,-0.010119418613612652,0.0,0.24516624212265015,-9.169217109680176,0.10787314921617508
2025-03-07 01:46:51.861006,320,240,20,20,10.75985551106569,0.0005323254154063761,-0.006923720706254244,0.0010646508308127522,0.24516624212265015,-9.188830375671387,0.10787314921617508
2025-03-07 01:46:51.903079,320,240,20,20,10.9319155192381,-0.0015969761880114675,-0.0026616270188242197,-0.0015969761880114675,0.22555294632911682,-9.188830375671387,0.10787314921617508
2025-03-07 01:46:51.940176,320,240,20,20,10.786143012314279,-0.0015969761880114675,-0.005859069991856813,0.0,0.24516624212265015,-9.188830375671387,0.10787314921617508
2025-03-07 01:46:51.976937,320,240,20,20,11.054048025039084,-0.0026616270188242197,-0.005324999336153269,0.0031956976745277643,0.22555294632911682,-9.169217109680176,0.08825984597206116
2025-03-07 01:46:52.013051,320,240,20,20,11.03497302413307,0.0,-0.004792673978954554,0.0010646508308127522,0.22555294632911682,-9.188830375671387,0.10787314921617508
2025-03-07 01:46:52.044857,320,240,20,20,11.000490522495237,-0.003728023264557123,-0.006923720706254244,0.006923720706254244,0.22555294632911682,-9.188830375671387,0.10787314921617508
2025-03-07 01:46:52.074145,320,240,20,20,10.985515521783963,0.0005323254154063761,-0.006391395349055529,0.003728023264557123,0.22555294632911682,-9.188830375671387,0.08825984597206116
2025-03-07 01:46:52.106355,320,240,20,20,10.744395510331378,-0.003728023264557123,-0.004260348621755838,0.0021293016616255045,0.24516624212265015,-9.188830375671387,0.08825984597206116
2025-03-07 01:46:52.143386,320,240,20,20,10.987323021869816,0.0,-0.003728023264557123,0.0010646508308127522,0.22555294632911682,-9.188830375671387,0.10787314921617508
2025-03-07 01:46:52.172166,320,240,20,20,10.973825521228719,-0.0005323254154063761,-0.003728023264557123,0.0026616270188242197,0.22555294632911682,-9.188830375671387,0.10787314921617508
2025-03-07 01:46:52.210975,320,240,20,20,10.790335512513412,0.0010646508308127522,-0.004792673978954554,0.0021293016616255045,0.22555294632911682,-9.188830375671387,0.10787314921617508
2025-03-07 01:46:52.249837,320,240,20,20,10.766290511371334,-0.003728023264557123,-0.004792673978954554,0.0031956976745277643,0.24516624212265015,-9.188830375671387,0.10787314921617508
2025-03-07 01:46:52.285532,320,240,20,20,10.78184051210992,-0.0031956976745277643,-0.007456046529114246,-0.0010646508308127522,0.22555294632911682,-9.169217109680176,0.08825984597206116
2025-03-07 01:46:52.316873,320,240,20,20,10.90871301813604,0.0005323254154063761,-0.0031956976745277643,0.0015969761880114675,0.24516624212265015,-9.188830375671387,0.10787314921617508
2025-03-07 01:46:52.353121,320,240,20,20,10.66402050651377,-0.0005323254154063761,-0.0031956976745277643,0.0010646508308127522,0.22555294632911682,-9.188830375671387,0.08825984597206116
2025-03-07 01:46:52.388762,320,240,20,20,10.76693801140209,-0.0015969761880114675,-0.006923720706254244,0.0015969761880114675,0.22555294632911682,-9.188830375671387,0.10787314921617508
2025-03-07 01:46:52.426596,320,240,20,20,10.906930518051377,-0.0021293016616255045,-0.007988371886312962,0.0015969761880114675,0.22555294632911682,-9.169217109680176,0.10787314921617508
2025-03-07 01:46:52.464390,320,240,20,20,10.829350514366524,-0.0010646508308127522,-0.004792673978954554,0.005859069991856813,0.22555294632911682,-9.188830375671387,0.08825984597206116
2025-03-07 01:46:52.502389,320,240,20,20,10.9763705213496,-0.0010646508308127522,-0.006923720706254244,0.0010646508308127522,0.24516624212265015,-9.188830375671387,0.08825984597206116
2025-03-07 01:46:52.539240,320,240,20,20,11.060203025331429,0.0021293016616255045,-0.007456046529114246,0.004260348621755838,0.22555294632911682,-9.169217109680176,0.10787314921617508
2025-03-07 01:46:52.578729,320,240,20,20,10.904938017956738,-0.0010646508308127522,-0.007456046529114246,0.0026616270188242197,0.22555294632911682,-9.188830375671387,0.08825984597206116
2025-03-07 01:46:52.618608,320,240,20,20,10.984405521731242,-0.0031956976745277643,-0.006923720706254244,0.0026616270188242197,0.24516624212265015,-9.208444595336914,0.10787314921617508
2025-03-07 01:46:52.661122,320,240,20,20,11.062488025439961,-0.0005323254154063761,-0.010651743970811367,0.004260348621755838,0.22555294632911682,-9.188830375671387,0.10787314921617508
2025-03-07 01:46:52.700238,320,240,20,20,11.031693023977278,-0.004792673978954554,-0.0026616270188242197,0.0031956976745277643,0.22555294632911682,-9.188830375671387,0.10787314921617508
2025-03-07 01:46:52.738298,320,240,20,20,10.674680507020094,-0.0021293016616255045,-0.004792673978954554,0.003728023264557123,0.22555294632911682,-9.188830375671387,0.10787314921617508
2025-03-07 01:46:52.778090,320,240,20,20,10.877100516634528,-0.0021293016616255045,-0.005324999336153269,0.006923720706254244,0.22555294632911682,-9.208444595336914,0.10787314921617508
2025-03-07 01:46:52.817904,320,240,20,20,10.759858011065807,0.0,-0.003728023264557123,0.0015969761880114675,0.22555294632911682,-9.188830375671387,0.10787314921617508
2025-03-07 01:46:52.857773,320,240,20,20,10.64131800543546,0.0010646508308127522,-0.004260348621755838,-0.0010646508308127522,0.22555294632911682,-9.188830375671387,0.10787314921617508
2025-03-07 01:46:52.896609,320,240,20,20,11.13464052886702,-0.0015969761880114675,-0.007988371886312962,0.004792673978954554,0.24516624212265015,-9.169217109680176,0.10787314921617508
2025-03-07 01:46:52.934809,320,240,20,20,10.938668019558827,-0.0021293016616255045,-0.0026616270188242197,-0.0010646508308127522,0.22555294632911682,-9.188830375671387,0.08825984597206116
2025-03-07 01:46:52.971711,320,240,20,20,10.929185519108433,-0.0010646508308127522,-0.0031956976745277643,-0.0015969761880114675,0.22555294632911682,-9.188830375671387,0.10787314921617508
2025-03-07 01:46:53.009287,320,240,20,20,10.647383005723531,0.0,-0.003728023264557123,-0.0005323254154063761,0.24516624212265015,-9.169217109680176,0.08825984597206116
2025-03-07 01:46:53.045308,320,240,20,20,10.8581705157354,0.0010646508308127522,-0.0010646508308127522,0.0031956976745277643,0.22555294632911682,-9.188830375671387,0.08825984597206116
2025-03-07 01:46:53.082647,320,240,20,20,11.063230525475229,-0.0021293016616255045,-0.004260348621755838,-0.0005323254154063761,0.24516624212265015,-9.188830375671387,0.08825984597206116
2025-03-07 01:46:53.119280,320,240,20,20,10.575605502314284,-0.0010646508308127522,-0.006391395349055529,0.0021293016616255045,0.24516624212265015,-9.169217109680176,0.10787314921617508
2025-03-07 01:46:53.159186,320,240,20,20,11.255993034630956,0.0010646508308127522,-0.007456046529114246,0.003728023264557123,0.24516624212265015,-9.188830375671387,0.08825984597206116
2025-03-07 01:46:53.195442,320,240,20,20,10.615460504207295,-0.0021293016616255045,-0.010119418613612652,0.0005323254154063761,0.22555294632911682,-9.169217109680176,0.10787314921617508
2025-03-07 01:46:53.232058,320,240,20,20,10.851810515433318,0.0,-0.009054767899215221,-0.0005323254154063761,0.22555294632911682,-9.188830375671387,0.10787314921617508
2025-03-07 01:46:53.274088,320,240,20,20,11.116998028029048,-0.004260348621755838,-0.005324999336153269,-0.0010646508308127522,0.24516624212265015,-9.188830375671387,0.10787314921617508
2025-03-07 01:46:53.308788,320,240,20,20,10.673630506970222,-0.0005323254154063761,-0.004792673978954554,0.0010646508308127522,0.22555294632911682,-9.169217109680176,0.10787314921617508
2025-03-07 01:46:53.338413,320,240,20,20,10.86909801625443,-0.0031956976745277643,-0.008520697243511677,0.0,0.22555294632911682,-9.188830375671387,0.10787314921617508
2025-03-07 01:46:53.367381,320,240,20,20,10.867998016202183,-0.0015969761880114675,-0.008520697243511677,0.0031956976745277643,0.24516624212265015,-9.188830375671387,0.10787314921617508
2025-03-07 01:46:53.395967,320,240,20,20,10.84887801529403,-0.0021293016616255045,-0.0026616270188242197,0.0005323254154063761,0.22555294632911682,-9.188830375671387,0.10787314921617508
2025-03-07 01:46:53.424949,320,240,20,20,10.652843005982868,-0.0021293016616255045,-0.008520697243511677,0.0005323254154063761,0.24516624212265015,-9.188830375671387,0.10787314921617508
2025-03-07 01:46:53.453786,320,240,20,20,10.887080517108553,-0.0015969761880114675,-0.004792673978954554,0.0,0.24516624212265015,-9.188830375671387,0.10787314921617508
2025-03-07 01:46:53.482967,320,240,20,20,10.787963012400724,0.0021293016616255045,-0.008520697243511677,-0.0005323254154063761,0.22555294632911682,-9.169217109680176,0.10787314921617508
2025-03-07 01:46:53.511890,320,240,20,20,10.693583007917914,-0.0005323254154063761,-0.005324999336153269,0.0005323254154063761,0.24516624212265015,-9.169217109680176,0.10787314921617508
2025-03-07 01:46:53.541597,320,240,20,20,10.751873010686541,0.0,-0.005859069991856813,0.0031956976745277643,0.22555294632911682,-9.169217109680176,0.08825984597206116
2025-03-07 01:46:53.572191,320,240,20,20,10.668193006711954,0.0,-0.006923720706254244,0.0031956976745277643,0.22555294632911682,-9.169217109680176,0.08825984597206116
2025-03-07 01:46:53.612281,320,240,20,20,10.711185508753989,-0.0021293016616255045,-0.004792673978954554,0.005859069991856813,0.24516624212265015,-9.188830375671387,0.08825984597206116
2025-03-07 01:46:53.642872,320,240,20,20,10.671805506883539,-0.0010646508308127522,-0.0015969761880114675,0.004260348621755838,0.22555294632911682,-9.188830375671387,0.127486452460289
2025-03-07 01:46:53.672991,320,240,20,20,11.032518024016463,-0.0005323254154063761,-0.006923720706254244,0.0031956976745277643,0.24516624212265015,-9.169217109680176,0.10787314921617508
2025-03-07 01:46:53.710523,320,240,20,20,10.9416655197012,-0.0010646508308127522,-0.0005323254154063761,0.0026616270188242197,0.22555294632911682,-9.188830375671387,0.08825984597206116
2025-03-07 01:46:53.740069,320,240,20,20,10.833650514570763,0.0,-0.003728023264557123,0.0015969761880114675,0.24516624212265015,-9.169217109680176,0.10787314921617508
2025-03-07 01:46:53.777921,320,240,20,20,10.872573016419484,0.0031956976745277643,-0.003728023264557123,0.0,0.24516624212265015,-9.188830375671387,0.10787314921617508
2025-03-07 01:46:53.807312,320,240,20,20,10.852070515445666,-0.0031956976745277643,-0.006391395349055529,0.0010646508308127522,0.22555294632911682,-9.188830375671387,0.08825984597206116
2025-03-07 01:46:53.840535,320,240,20,20,11.043300524528604,-0.0015969761880114675,-0.007456046529114246,0.0015969761880114675,0.22555294632911682,-9.169217109680176,0.127486452460289
2025-03-07 01:46:53.876867,320,240,20,20,10.840768014908827,-0.004260348621755838,-0.006923720706254244,0.0015969761880114675,0.22555294632911682,-9.188830375671387,0.10787314921617508
2025-03-07 01:46:53.906802,320,240,20,20,10.81951051389915,0.0010646508308127522,-0.0031956976745277643,0.0031956976745277643,0.24516624212265015,-9.188830375671387,0.10787314921617508
2025-03-07 01:46:53.943999,320,240,20,20,10.97281052118051,-0.004260348621755838,-0.005324999336153269,0.0026616270188242197,0.22555294632911682,-9.188830375671387,0.127486452460289
2025-03-07 01:46:53.973602,320,240,20,20,10.882293016881158,0.0010646508308127522,-0.005859069991856813,0.0005323254154063761,0.22555294632911682,-9.188830375671387,0.10787314921617508
2025-03-07 01:46:54.008909,320,240,20,20,10.976830521371449,0.0026616270188242197,-0.0015969761880114675,0.0,0.22555294632911682,-9.169217109680176,0.10787314921617508
2025-03-07 01:46:54.039886,320,240,20,20,11.069775525786099,-0.004260348621755838,-0.005859069991856813,0.004260348621755838,0.24516624212265015,-9.188830375671387,0.08825984597206116
2025-03-07 01:46:54.076660,320,240,20,20,10.874195516496547,0.0,-0.005324999336153269,0.0005323254154063761,0.22555294632911682,-9.188830375671387,0.127486452460289
2025-03-07 01:46:54.106683,320,240,20,20,11.08903302670078,-0.0026616270188242197,-0.0026616270188242197,0.0015969761880114675,0.26477953791618347,-9.188830375671387,0.10787314921617508
2025-03-07 01:46:54.149122,320,240,20,20,10.9563905204006,-0.003728023264557123,-0.0026616270188242197,0.0021293016616255045,0.22555294632911682,-9.169217109680176,0.10787314921617508
2025-03-07 01:46:54.179880,320,240,20,20,10.872793016429933,-0.003728023264557123,-0.007988371886312962,-0.0010646508308127522,0.22555294632911682,-9.169217109680176,0.10787314921617508
2025-03-07 01:46:54.209232,320,240,20,20,10.94023551963328,-0.003728023264557123,-0.005324999336153269,0.0015969761880114675,0.24516624212265015,-9.188830375671387,0.10787314921617508
2025-03-07 01:46:54.239259,320,240,20,20,10.714635508917855,-0.0005323254154063761,-0.010119418613612652,0.004792673978954554,0.24516624212265015,-9.188830375671387,0.10787314921617508
2025-03-07 01:46:54.278472,320,240,20,20,10.750038010599383,-0.0005323254154063761,-0.0026616270188242197,0.0005323254154063761,0.22555294632911682,-9.188830375671387,0.10787314921617508
2025-03-07 01:46:54.307599,320,240,20,20,10.761608011148928,-0.0005323254154063761,-0.005859069991856813,0.0015969761880114675,0.24516624212265015,-9.188830375671387,0.08825984597206116
2025-03-07 01:46:54.340556,320,240,20,20,11.008403022871061,0.0,-0.005324999336153269,0.0031956976745277643,0.24516624212265015,-9.188830375671387,0.10787314921617508
2025-03-07 01:46:54.375587,320,240,20,20,10.846378015175286,-0.0005323254154063761,-0.005859069991856813,0.0026616270188242197,0.24516624212265015,-9.169217109680176,0.10787314921617508
2025-03-07 01:46:54.407580,320,240,20,20,10.845125515115797,-0.003728023264557123,-0.007988371886312962,0.0031956976745277643,0.24516624212265015,-9.188830375671387,0.08825984597206116
2025-03-07 01:46:54.445440,320,240,20,20,11.115210527944146,0.0,-0.005324999336153269,-0.0005323254154063761,0.22555294632911682,-9.188830375671387,0.08825984597206116
2025-03-07 01:46:54.474516,320,240,20,20,10.960655520603177,-0.0010646508308127522,-0.0031956976745277643,0.005859069991856813,0.24516624212265015,-9.188830375671387,0.08825984597206116
2025-03-07 01:46:54.506781,320,240,20,20,11.031678023976564,0.0005323254154063761,-0.006391395349055529,0.0,0.24516624212265015,-9.188830375671387,0.10787314921617508
2025-03-07 01:46:54.542776,320,240,20,20,11.31034803721268,0.0,-0.006391395349055529,0.004260348621755838,0.22555294632911682,-9.188830375671387,0.08825984597206116
2025-03-07 01:46:54.574237,320,240,20,20,10.85301801549067,0.0005323254154063761,-0.005324999336153269,0.0015969761880114675,0.22555294632911682,-9.169217109680176,0.10787314921617508
2025-03-07 01:46:54.609708,320,240,20,20,10.761580511147622,-0.0010646508308127522,-0.005324999336153269,0.0005323254154063761,0.24516624212265015,-9.188830375671387,0.08825984597206116
2025-03-07 01:46:54.639243,320,240,20,20,10.677028007131593,-0.0015969761880114675,-0.007456046529114246,0.006391395349055529,0.22555294632911682,-9.188830375671387,0.10787314921617508
2025-03-07 01:46:54.678553,320,240,20,20,10.91237551831,0.0,-0.004260348621755838,0.0021293016616255045,0.22555294632911682,-9.188830375671387,0.10787314921617508
2025-03-07 01:46:54.708377,320,240,20,20,10.837958014775358,0.0026616270188242197,-0.004792673978954554,0.0026616270188242197,0.22555294632911682,-9.169217109680176,0.08825984597206116
2025-03-07 01:46:54.741157,320,240,20,20,10.901833017809258,-0.0010646508308127522,-0.006391395349055529,0.004792673978954554,0.24516624212265015,-9.188830375671387,0.10787314921617508
2025-03-07 01:46:54.775473,320,240,20,20,10.859953015820064,0.0010646508308127522,-0.004792673978954554,0.0031956976745277643,0.22555294632911682,-9.169217109680176,0.10787314921617508
2025-03-07 01:46:54.808713,320,240,20,20,10.9785580214535,0.0010646508308127522,-0.006391395349055529,0.0015969761880114675,0.24516624212265015,-9.188830375671387,0.08825984597206116
2025-03-07 01:46:54.842445,320,240,20,20,10.953085520243622,-0.0015969761880114675,-0.0026616270188242197,0.0005323254154063761,0.22555294632911682,-9.188830375671387,0.08825984597206116
2025-03-07 01:46:54.873239,320,240,20,20,11.085125526515185,-0.0010646508308127522,-0.007456046529114246,0.0015969761880114675,0.22555294632911682,-9.188830375671387,0.10787314921617508
2025-03-07 01:46:54.910556,320,240,20,20,10.629048004852667,-0.0005323254154063761,-0.006923720706254244,0.0,0.22555294632911682,-9.188830375671387,0.10787314921617508
2025-03-07 01:46:54.940699,320,240,20,20,10.759683011057495,0.0021293016616255045,-0.004792673978954554,-0.0005323254154063761,0.22555294632911682,-9.169217109680176,0.08825984597206116
2025-03-07 01:46:54.975050,320,240,20,20,10.767470511427382,0.0015969761880114675,-0.007456046529114246,0.0015969761880114675,0.22555294632911682,-9.188830375671387,0.08825984597206116
2025-03-07 01:46:55.009967,320,240,20,20,10.914360518404283,-0.004260348621755838,-0.006923720706254244,0.0,0.22555294632911682,-9.188830375671387,0.10787314921617508
2025-03-07 01:46:55.040708,320,240,20,20,10.86965551628091,-0.0010646508308127522,-0.005859069991856813,-0.0005323254154063761,0.24516624212265015,-9.169217109680176,0.08825984597206116
2025-03-07 01:46:55.085909,320,240,20,20,10.999535522449879,-0.004260348621755838,-0.006923720706254244,0.0031956976745277643,0.22555294632911682,-9.188830375671387,0.10787314921617508
2025-03-07 01:46:55.129075,320,240,20,20,10.803295513128978,0.0,-0.0021293016616255045,-0.0005323254154063761,0.22555294632911682,-9.188830375671387,0.08825984597206116
2025-03-07 01:46:55.171708,320,240,20,20,10.824868014153617,0.0010646508308127522,-0.003728023264557123,0.0031956976745277643,0.22555294632911682,-9.188830375671387,0.08825984597206116
2025-03-07 01:46:55.213788,320,240,20,20,10.830630514427321,-0.0015969761880114675,-0.008520697243511677,-0.0005323254154063761,0.22555294632911682,-9.188830375671387,0.08825984597206116
2025-03-07 01:46:55.246951,320,240,20,20,10.666485506630853,-0.0010646508308127522,-0.0026616270188242197,0.004792673978954554,0.22555294632911682,-9.188830375671387,0.10787314921617508
2025-03-07 01:46:55.276609,320,240,20,20,10.741893010212516,-0.0015969761880114675,-0.007456046529114246,0.0031956976745277643,0.22555294632911682,-9.188830375671387,0.10787314921617508
2025-03-07 01:46:55.314697,320,240,20,20,10.889915517243207,-0.0031956976745277643,0.0010646508308127522,0.0005323254154063761,0.22555294632911682,-9.188830375671387,0.10787314921617508
2025-03-07 01:46:55.353610,320,240,20,20,10.741463010192092,-0.006923720706254244,-0.004792673978954554,0.0,0.22555294632911682,-9.188830375671387,0.10787314921617508
2025-03-07 01:46:55.393341,320,240,20,20,10.916468018504384,-0.0026616270188242197,-0.005859069991856813,0.0005323254154063761,0.22555294632911682,-9.188830375671387,0.10787314921617508
2025-03-07 01:46:55.435320,320,240,20,20,10.787160512362608,-0.0005323254154063761,-0.007988371886312962,0.0026616270188242197,0.22555294632911682,-9.169217109680176,0.10787314921617508
2025-03-07 01:46:55.479291,320,240,20,20,11.019893023416808,-0.0031956976745277643,-0.003728023264557123,0.0015969761880114675,0.24516624212265015,-9.188830375671387,0.127486452460289
2025-03-07 01:46:55.521595,320,240,20,20,10.927333019020443,-0.003728023264557123,-0.007456046529114246,0.003728023264557123,0.24516624212265015,-9.188830375671387,0.10787314921617508
2025-03-07 01:46:55.557817,320,240,20,20,10.873350516456412,-0.0031956976745277643,-0.004792673978954554,0.0026616270188242197,0.24516624212265015,-9.188830375671387,0.08825984597206116
2025-03-07 01:46:55.596084,320,240,20,20,10.848458015274081,0.0,-0.006923720706254244,0.0015969761880114675,0.24516624212265015,-9.188830375671387,0.08825984597206116
2025-03-07 01:46:55.628741,320,240,20,20,11.356410539400532,-0.0021293016616255045,-0.007456046529114246,0.0015969761880114675,0.24516624212265015,-9.208444595336914,0.08825984597206116
2025-03-07 01:46:55.657980,320,240,20,20,10.77332551170548,-0.0031956976745277643,-0.0026616270188242197,0.0005323254154063761,0.24516624212265015,-9.188830375671387,0.10787314921617508
2025-03-07 01:46:55.687545,320,240,20,20,10.801258013032202,-0.003728023264557123,-0.006391395349055529,0.0005323254154063761,0.22555294632911682,-9.208444595336914,0.127486452460289
2025-03-07 01:46:55.716548,320,240,20,20,11.115080527937971,0.0010646508308127522,-0.009587093256413937,0.0031956976745277643,0.24516624212265015,-9.188830375671387,0.08825984597206116
2025-03-07 01:46:55.761286,320,240,20,20,10.6062180037683,-0.0005323254154063761,-0.007988371886312962,0.0005323254154063761,0.22555294632911682,-9.169217109680176,0.08825984597206116
2025-03-07 01:46:55.802313,320,240,20,20,10.760215511082787,0.0005323254154063761,-0.005324999336153269,0.004260348621755838,0.22555294632911682,-9.188830375671387,0.10787314921617508
2025-03-07 01:46:55.844695,320,240,20,20,10.620750504458556,-0.003728023264557123,-0.009054767899215221,0.003728023264557123,0.22555294632911682,-9.188830375671387,0.08825984597206116
2025-03-07 01:46:55.882473,320,240,20,20,10.588123002908834,-0.0021293016616255045,-0.0026616270188242197,0.0015969761880114675,0.24516624212265015,-9.169217109680176,0.10787314921617508
2025-03-07 01:46:55.920010,320,240,20,20,10.885388017028163,-0.0015969761880114675,-0.009054767899215221,0.004260348621755838,0.22555294632911682,-9.188830375671387,0.08825984597206116
2025-03-07 01:46:55.954295,320,240,20,20,10.694800507975742,-0.0005323254154063761,-0.004792673978954554,0.0026616270188242197,0.22555294632911682,-9.188830375671387,0.10787314921617508
2025-03-07 01:46:55.985914,320,240,20,20,10.856245515643968,-0.0015969761880114675,-0.007456046529114246,0.0015969761880114675,0.22555294632911682,-9.188830375671387,0.10787314921617508
2025-03-07 01:46:56.015682,320,240,20,20,10.945560519886204,-0.0031956976745277643,-0.006923720706254244,0.003728023264557123,0.24516624212265015,-9.188830375671387,0.127486452460289
2025-03-07 01:46:56.054345,320,240,20,20,10.873575516467099,-0.0026616270188242197,-0.008520697243511677,0.0021293016616255045,0.24516624212265015,-9.188830375671387,0.10787314921617508
2025-03-07 01:46:56.093612,320,240,20,20,10.857978015726257,-0.0010646508308127522,-0.003728023264557123,0.0021293016616255045,0.24516624212265015,-9.188830375671387,0.10787314921617508
2025-03-07 01:46:56.135500,320,240,20,20,10.652155505950214,-0.0031956976745277643,-0.009054767899215221,-0.0005323254154063761,0.22555294632911682,-9.188830375671387,0.06864655017852783
2025-03-07 01:46:56.177657,320,240,20,20,10.89900551767496,-0.0015969761880114675,-0.0021293016616255045,0.0026616270188242197,0.24516624212265015,-9.188830375671387,0.10787314921617508
2025-03-07 01:46:56.211280,320,240,20,20,10.698650508158607,0.0015969761880114675,-0.008520697243511677,0.0021293016616255045,0.24516624212265015,-9.188830375671387,0.10787314921617508
2025-03-07 01:46:56.241318,320,240,20,20,10.7724880116657,-0.0010646508308127522,-0.009054767899215221,0.003728023264557123,0.24516624212265015,-9.188830375671387,0.10787314921617508
2025-03-07 01:46:56.277279,320,240,20,20,10.94839302002074,0.0015969761880114675,-0.0031956976745277643,-0.0015969761880114675,0.22555294632911682,-9.188830375671387,0.08825984597206116
2025-03-07 01:46:56.308007,320,240,20,20,10.880325516787707,0.0031956976745277643,-0.006923720706254244,0.0015969761880114675,0.22555294632911682,-9.188830375671387,0.10787314921617508
2025-03-07 01:46:56.345629,320,240,20,20,11.057983025225985,0.0,-0.004260348621755838,-0.0021293016616255045,0.24516624212265015,-9.188830375671387,0.10787314921617508
2025-03-07 01:46:56.376389,320,240,20,20,10.718420509097632,0.003728023264557123,-0.007988371886312962,0.0021293016616255045,0.26477953791618347,-9.188830375671387,0.08825984597206116
2025-03-07 01:46:56.407911,320,240,20,20,11.151540529669727,-0.0005323254154063761,-0.003728023264557123,0.004260348621755838,0.22555294632911682,-9.188830375671387,0.10787314921617508
2025-03-07 01:46:56.445235,320,240,20,20,10.686990507604786,-0.003728023264557123,-0.005859069991856813,0.0005323254154063761,0.22555294632911682,-9.188830375671387,0.08825984597206116
2025-03-07 01:46:56.474840,320,240,20,20,10.933248019301391,-0.0026616270188242197,-0.006391395349055529,0.0010646508308127522,0.24516624212265015,-9.188830375671387,0.10787314921617508
2025-03-07 01:46:56.511520,320,240,20,20,11.040660524403211,-0.0010646508308127522,-0.0031956976745277643,0.0015969761880114675,0.24516624212265015,-9.169217109680176,0.08825984597206116
2025-03-07 01:46:56.541624,320,240,20,20,11.145190529368119,0.0010646508308127522,-0.006923720706254244,0.0,0.22555294632911682,-9.169217109680176,0.10787314921617508
2025-03-07 01:46:56.577568,320,240,20,20,10.515755499471561,0.0,-0.0010646508308127522,0.0005323254154063761,0.22555294632911682,-9.188830375671387,0.08825984597206116
2025-03-07 01:46:56.608214,320,240,20,20,10.93838551954541,0.0,-0.0026616270188242197,0.0026616270188242197,0.22555294632911682,-9.169217109680176,0.08825984597206116
2025-03-07 01:46:56.642881,320,240,20,20,11.091065526797319,-0.0031956976745277643,-0.004792673978954554,0.0005323254154063761,0.2059396505355835,-9.188830375671387,0.10787314921617508
2025-03-07 01:46:56.676771,320,240,20,20,10.921718018753745,0.0015969761880114675,-0.005324999336153269,0.005324999336153269,0.24516624212265015,-9.188830375671387,0.10787314921617508
2025-03-07 01:46:56.709199,320,240,20,20,10.64519800561975,-0.0005323254154063761,-0.007456046529114246,0.0026616270188242197,0.24516624212265015,-9.188830375671387,0.08825984597206116
2025-03-07 01:46:56.743902,320,240,20,20,10.729850509640528,-0.0021293016616255045,-0.007988371886312962,0.0,0.24516624212265015,-9.188830375671387,0.08825984597206116
2025-03-07 01:46:56.774661,320,240,20,20,10.88012301677809,-0.0015969761880114675,-0.007988371886312962,0.0026616270188242197,0.22555294632911682,-9.169217109680176,0.08825984597206116
2025-03-07 01:46:56.812282,320,240,20,20,10.598473003400432,-0.0026616270188242197,-0.005324999336153269,0.0010646508308127522,0.22555294632911682,-9.188830375671387,0.10787314921617508
2025-03-07 01:46:56.841886,320,240,20,20,10.72013550917909,0.0015969761880114675,-0.004792673978954554,0.0021293016616255045,0.22555294632911682,-9.188830375671387,0.08825984597206116
2025-03-07 01:46:56.876199,320,240,20,20,10.95143802016537,-0.0031956976745277643,-0.006923720706254244,0.003728023264557123,0.22555294632911682,-9.188830375671387,0.08825984597206116
2025-03-07 01:46:56.912147,320,240,20,20,11.109263027661655,-0.0015969761880114675,-0.005324999336153269,-0.0015969761880114675,0.24516624212265015,-9.188830375671387,0.127486452460289
2025-03-07 01:46:56.941348,320,240,20,20,11.205795532246702,-0.0010646508308127522,-0.004792673978954554,0.0010646508308127522,0.24516624212265015,-9.169217109680176,0.127486452460289
2025-03-07 01:46:56.977442,320,240,20,20,10.767620511434506,-0.003728023264557123,-0.004260348621755838,0.005324999336153269,0.22555294632911682,-9.188830375671387,0.10787314921617508
2025-03-07 01:46:57.009525,320,240,20,20,10.898403017646341,-0.0021293016616255045,-0.005324999336153269,0.0031956976745277643,0.24516624212265015,-9.169217109680176,0.08825984597206116
2025-03-07 01:46:57.043035,320,240,20,20,10.702295508331735,-0.0031956976745277643,-0.007988371886312962,0.0010646508308127522,0.22555294632911682,-9.188830375671387,0.10787314921617508
2025-03-07 01:46:57.076616,320,240,20,20,11.14698052945314,-0.0021293016616255045,-0.007456046529114246,-0.0015969761880114675,0.22555294632911682,-9.169217109680176,0.10787314921617508
2025-03-07 01:46:57.109351,320,240,20,20,10.814320513652637,-0.0015969761880114675,-0.007456046529114246,-0.0005323254154063761,0.22555294632911682,-9.188830375671387,0.10787314921617508
2025-03-07 01:46:57.145705,320,240,20,20,10.590213003008103,0.0005323254154063761,-0.004792673978954554,0.0005323254154063761,0.24516624212265015,-9.188830375671387,0.10787314921617508
2025-03-07 01:46:57.181434,320,240,20,20,10.705230508471141,-0.0015969761880114675,-0.005324999336153269,0.0021293016616255045,0.24516624212265015,-9.188830375671387,0.10787314921617508
2025-03-07 01:46:57.220308,320,240,20,20,11.42745054277475,0.0010646508308127522,-0.006923720706254244,0.0015969761880114675,0.24516624212265015,-9.188830375671387,0.10787314921617508
2025-03-07 01:46:57.257832,320,240,20,20,11.003028022615762,0.0,-0.0031956976745277643,-0.0015969761880114675,0.24516624212265015,-9.188830375671387,0.08825984597206116
2025-03-07 01:46:57.297443,320,240,20,20,10.896625517561915,-0.0005323254154063761,-0.005324999336153269,0.0,0.24516624212265015,-9.188830375671387,0.10787314921617508
2025-03-07 01:46:57.336700,320,240,20,20,10.70417550842103,-0.004260348621755838,-0.0031956976745277643,0.0021293016616255045,0.22555294632911682,-9.188830375671387,0.08825984597206116
2025-03-07 01:46:57.376054,320,240,20,20,10.503967998911685,-0.0015969761880114675,-0.008520697243511677,0.0021293016616255045,0.24516624212265015,-9.188830375671387,0.10787314921617508
2025-03-07 01:46:57.415648,320,240,20,20,10.988433021922537,-0.0005323254154063761,-0.007456046529114246,0.0026616270188242197,0.24516624212265015,-9.188830375671387,0.10787314921617508
2025-03-07 01:46:57.454168,320,240,20,20,10.781468012092228,-0.0010646508308127522,-0.0026616270188242197,0.0010646508308127522,0.22555294632911682,-9.169217109680176,0.10787314921617508
2025-03-07 01:46:57.485679,320,240,20,20,10.979485521497555,0.0015969761880114675,-0.007456046529114246,0.0021293016616255045,0.24516624212265015,-9.188830375671387,0.08825984597206116
2025-03-07 01:46:57.525998,320,240,20,20,10.856325515647768,-0.005324999336153269,-0.005324999336153269,0.0015969761880114675,0.24516624212265015,-9.188830375671387,0.10787314921617508
2025-03-07 01:46:57.563677,320,240,20,20,11.20940053241793,-0.0026616270188242197,-0.006391395349055529,0.0021293016616255045,0.24516624212265015,-9.169217109680176,0.10787314921617508
2025-03-07 01:46:57.603556,320,240,20,20,10.97696552137786,-0.0021293016616255045,-0.005859069991856813,0.0031956976745277643,0.24516624212265015,-9.188830375671387,0.10787314921617508
2025-03-07 01:46:57.645249,320,240,20,20,10.736298009946768,-0.0021293016616255045,-0.0026616270188242197,0.0031956976745277643,0.22555294632911682,-9.188830375671387,0.10787314921617508
2025-03-07 01:46:57.685046,320,240,20,20,10.747948010500114,-0.0021293016616255045,-0.006923720706254244,-0.0015969761880114675,0.22555294632911682,-9.169217109680176,0.10787314921617508
2025-03-07 01:46:57.724645,320,240,20,20,10.55589300137799,-0.0010646508308127522,-0.006391395349055529,0.005859069991856813,0.22555294632911682,-9.169217109680176,0.08825984597206116
2025-03-07 01:46:57.761069,320,240,20,20,11.08316552642209,-0.005859069991856813,-0.007456046529114246,0.0031956976745277643,0.22555294632911682,-9.188830375671387,0.127486452460289
2025-03-07 01:46:57.792908,320,240,20,20,10.88402301696333,0.0010646508308127522,-0.003728023264557123,0.004260348621755838,0.22555294632911682,-9.188830375671387,0.10787314921617508
2025-03-07 01:46:57.821937,320,240,20,20,11.02048302344483,0.0,-0.0010646508308127522,-0.0010646508308127522,0.22555294632911682,-9.188830375671387,0.08825984597206116
2025-03-07 01:46:57.851648,320,240,20,20,10.709163008657924,-0.0005323254154063761,-0.0026616270188242197,0.0021293016616255045,0.24516624212265015,-9.169217109680176,0.127486452460289
2025-03-07 01:46:57.881588,320,240,20,20,10.871118016350374,-0.0005323254154063761,-0.005859069991856813,0.0015969761880114675,0.24516624212265015,-9.188830375671387,0.10787314921617508
2025-03-07 01:46:57.910291,320,240,20,20,10.607725503839902,0.0010646508308127522,0.0,0.0,0.24516624212265015,-9.188830375671387,0.10787314921617508
2025-03-07 01:46:57.940492,320,240,20,20,10.810715513481409,-0.0005323254154063761,-0.0010646508308127522,0.0026616270188242197,0.22555294632911682,-9.188830375671387,0.10787314921617508
2025-03-07 01:46:57.980662,320,240,20,20,10.753363010757312,-0.0005323254154063761,-0.005324999336153269,0.0005323254154063761,0.24516624212265015,-9.188830375671387,0.08825984597206116
2025-03-07 01:46:58.011824,320,240,20,20,10.780728012057079,-0.0005323254154063761,-0.003728023264557123,0.0015969761880114675,0.24516624212265015,-9.188830375671387,0.08825984597206116
2025-03-07 01:46:58.040714,320,240,20,20,11.041210524429335,-0.0026616270188242197,-0.005324999336153269,0.004260348621755838,0.24516624212265015,-9.188830375671387,0.10787314921617508
2025-03-07 01:46:58.082068,320,240,20,20,10.877228016640583,-0.0015969761880114675,-0.008520697243511677,0.0010646508308127522,0.22555294632911682,-9.188830375671387,0.10787314921617508
2025-03-07 01:46:58.122487,320,240,20,20,10.937513019503967,-0.005859069991856813,-0.005324999336153269,0.0,0.24516624212265015,-9.169217109680176,0.10787314921617508
2025-03-07 01:46:58.159477,320,240,20,20,10.910895518239704,-0.0026616270188242197,-0.0021293016616255045,0.0,0.22555294632911682,-9.169217109680176,0.10787314921617508
2025-03-07 01:46:58.196709,320,240,20,20,11.060910525365035,0.0021293016616255045,-0.0005323254154063761,0.0,0.24516624212265015,-9.169217109680176,0.08825984597206116
2025-03-07 01:46:58.235731,320,240,20,20,11.074580526014325,-0.0026616270188242197,-0.007456046529114246,0.0021293016616255045,0.22555294632911682,-9.188830375671387,0.08825984597206116
2025-03-07 01:46:58.273095,320,240,20,20,10.71631550899765,0.0005323254154063761,-0.0015969761880114675,0.0021293016616255045,0.24516624212265015,-9.169217109680176,0.10787314921617508
2025-03-07 01:46:58.311317,320,240,20,20,11.001178022527892,-0.0026616270188242197,-0.006391395349055529,0.0015969761880114675,0.22555294632911682,-9.188830375671387,0.10787314921617508
2025-03-07 01:46:58.348050,320,240,20,20,11.168795530489296,0.0005323254154063761,-0.004792673978954554,0.003728023264557123,0.22555294632911682,-9.188830375671387,0.10787314921617508
2025-03-07 01:46:58.386398,320,240,20,20,10.72540800942952,-0.004792673978954554,-0.006923720706254244,0.003728023264557123,0.24516624212265015,-9.208444595336914,0.10787314921617508
2025-03-07 01:46:58.422721,320,240,20,20,11.268073035204726,-0.0031956976745277643,-0.004260348621755838,0.0010646508308127522,0.24516624212265015,-9.188830375671387,0.10787314921617508
2025-03-07 01:46:58.461130,320,240,20,20,10.925978018956084,0.0,-0.003728023264557123,0.003728023264557123,0.22555294632911682,-9.188830375671387,0.10787314921617508
2025-03-07 01:46:58.500101,320,240,20,20,10.844665515093947,0.003728023264557123,-0.0026616270188242197,0.0021293016616255045,0.24516624212265015,-9.188830375671387,0.08825984597206116
2025-03-07 01:46:58.534370,320,240,20,20,10.777375511897844,0.0031956976745277643,-0.004792673978954554,0.0031956976745277643,0.22555294632911682,-9.188830375671387,0.10787314921617508
2025-03-07 01:46:58.564003,320,240,20,20,11.144150529318722,-0.0031956976745277643,-0.005324999336153269,0.0026616270188242197,0.24516624212265015,-9.188830375671387,0.08825984597206116
2025-03-07 01:46:58.593205,320,240,20,20,11.045630524639273,-0.0015969761880114675,-0.0026616270188242197,-0.004260348621755838,0.24516624212265015,-9.188830375671387,0.10787314921617508
2025-03-07 01:46:58.622403,320,240,20,20,10.611653004026447,0.0,-0.004792673978954554,0.0010646508308127522,0.22555294632911682,-9.188830375671387,0.10787314921617508
2025-03-07 01:46:58.651117,320,240,20,20,10.678515507202246,0.0,-0.006923720706254244,0.003728023264557123,0.24516624212265015,-9.169217109680176,0.08825984597206116
2025-03-07 01:46:58.679879,320,240,20,20,10.67586300707626,0.0,-0.005859069991856813,0.0015969761880114675,0.24516624212265015,-9.188830375671387,0.08825984597206116
2025-03-07 01:46:58.709216,320,240,20,20,10.733135509796558,-0.0010646508308127522,-0.007456046529114246,0.006391395349055529,0.22555294632911682,-9.188830375671387,0.10787314921617508
2025-03-07 01:46:58.742241,320,240,20,20,10.934983019383798,-0.0026616270188242197,-0.011718139983713627,0.005859069991856813,0.22555294632911682,-9.188830375671387,0.08825984597206116
2025-03-07 01:46:58.781496,320,240,20,20,11.065465525581384,-0.0010646508308127522,-0.005859069991856813,-0.0005323254154063761,0.24516624212265015,-9.169217109680176,0.10787314921617508
2025-03-07 01:46:58.814508,320,240,20,20,10.87856551670411,-0.0005323254154063761,-0.007456046529114246,0.0031956976745277643,0.24516624212265015,-9.188830375671387,0.08825984597206116
2025-03-07 01:46:58.844691,320,240,20,20,11.201633032048994,-0.0010646508308127522,-0.009587093256413937,0.0031956976745277643,0.24516624212265015,-9.188830375671387,0.10787314921617508
2025-03-07 01:46:58.874570,320,240,20,20,10.932908019285241,-0.0021293016616255045,-0.0031956976745277643,-0.0005323254154063761,0.22555294632911682,-9.188830375671387,0.08825984597206116
2025-03-07 01:46:58.916551,320,240,20,20,10.84098051491892,-0.0005323254154063761,-0.0005323254154063761,0.0015969761880114675,0.24516624212265015,-9.188830375671387,0.10787314921617508
2025-03-07 01:46:58.948421,320,240,20,20,11.024195523621165,0.0026616270188242197,-0.004792673978954554,0.0031956976745277643,0.22555294632911682,-9.188830375671387,0.10787314921617508
2025-03-07 01:46:58.977556,320,240,20,20,10.805333013225754,0.0,-0.004260348621755838,-0.0005323254154063761,0.22555294632911682,-9.188830375671387,0.08825984597206116
2025-03-07 01:46:59.014857,320,240,20,20,11.208688032384089,0.003728023264557123,-0.004792673978954554,0.0031956976745277643,0.22555294632911682,-9.169217109680176,0.10787314921617508
2025-03-07 01:46:59.053460,320,240,20,20,10.989905521992478,0.0005323254154063761,-0.006923720706254244,-0.0005323254154063761,0.22555294632911682,-9.188830375671387,0.10787314921617508
2025-03-07 01:46:59.092428,320,240,20,20,10.672443006913818,-0.0021293016616255045,-0.004792673978954554,0.004260348621755838,0.22555294632911682,-9.188830375671387,0.10787314921617508
2025-03-07 01:46:59.130154,320,240,20,20,10.518457999599923,0.0005323254154063761,-0.0021293016616255045,0.004260348621755838,0.2059396505355835,-9.169217109680176,0.08825984597206116
2025-03-07 01:46:59.168963,320,240,20,20,11.020988023468817,-0.0005323254154063761,-0.005324999336153269,0.0005323254154063761,0.22555294632911682,-9.188830375671387,0.127486452460289
2025-03-07 01:46:59.203537,320,240,20,20,10.945685519892141,-0.0005323254154063761,-0.005324999336153269,0.0010646508308127522,0.24516624212265015,-9.188830375671387,0.08825984597206116
2025-03-07 01:46:59.233460,320,240,20,20,10.917840518569573,-0.004260348621755838,-0.007456046529114246,0.0010646508308127522,0.22555294632911682,-9.188830375671387,0.10787314921617508
2025-03-07 01:46:59.264387,320,240,20,20,10.964020520763006,-0.0005323254154063761,-0.006391395349055529,-0.0005323254154063761,0.24516624212265015,-9.188830375671387,0.127486452460289
2025-03-07 01:46:59.301455,320,240,20,20,10.839498014848505,0.0,-0.0026616270188242197,0.0031956976745277643,0.24516624212265015,-9.188830375671387,0.10787314921617508
2025-03-07 01:46:59.342544,320,240,20,20,10.78808801240666,0.0005323254154063761,-0.006391395349055529,0.003728023264557123,0.22555294632911682,-9.188830375671387,0.08825984597206116
2025-03-07 01:46:59.387077,320,240,20,20,10.726368009475118,-0.0026616270188242197,-0.004260348621755838,0.0005323254154063761,0.24516624212265015,-9.188830375671387,0.10787314921617508
2025-03-07 01:46:59.423025,320,240,20,20,11.015523023209244,0.004260348621755838,-0.008520697243511677,0.0031956976745277643,0.24516624212265015,-9.169217109680176,0.08825984597206116
2025-03-07 01:46:59.454834,320,240,20,20,11.065485525582336,0.0005323254154063761,-0.005859069991856813,0.0026616270188242197,0.22555294632911682,-9.188830375671387,0.10787314921617508
2025-03-07 01:46:59.484053,320,240,20,20,10.76610051136231,-0.0021293016616255045,-0.0026616270188242197,0.0021293016616255045,0.24516624212265015,-9.188830375671387,0.10787314921617508
2025-03-07 01:46:59.512979,320,240,20,20,10.856638015662611,0.0005323254154063761,-0.005324999336153269,0.0005323254154063761,0.24516624212265015,-9.188830375671387,0.127486452460289
2025-03-07 01:46:59.541839,320,240,20,20,11.03441302410647,0.0,0.0,0.0010646508308127522,0.22555294632911682,-9.169217109680176,0.08825984597206116
2025-03-07 01:46:59.577237,320,240,20,20,11.077260526141618,0.0010646508308127522,-0.006923720706254244,0.005324999336153269,0.22555294632911682,-9.169217109680176,0.10787314921617508
2025-03-07 01:46:59.610487,320,240,20,20,10.687678007637441,-0.0026616270188242197,-0.008520697243511677,0.0031956976745277643,0.24516624212265015,-9.188830375671387,0.10787314921617508
2025-03-07 01:46:59.646917,320,240,20,20,10.934455519358744,-0.004260348621755838,-0.005859069991856813,0.0,0.22555294632911682,-9.169217109680176,0.10787314921617508
2025-03-07 01:46:59.676846,320,240,20,20,10.54070800065674,-0.003728023264557123,-0.009054767899215221,0.0,0.22555294632911682,-9.188830375671387,0.08825984597206116
2025-03-07 01:46:59.711192,320,240,20,20,10.801293013033865,-0.0005323254154063761,-0.003728023264557123,-0.0005323254154063761,0.24516624212265015,-9.188830375671387,0.10787314921617508
2025-03-07 01:46:59.742999,320,240,20,20,10.975430521304952,-0.0005323254154063761,-0.007456046529114246,-0.0010646508308127522,0.24516624212265015,-9.169217109680176,0.08825984597206116
2025-03-07 01:46:59.776176,320,240,20,20,11.132058028744359,-0.0015969761880114675,-0.006923720706254244,0.0021293016616255045,0.22555294632911682,-9.188830375671387,0.08825984597206116
2025-03-07 01:46:59.813555,320,240,20,20,10.717025509031373,-0.0005323254154063761,-0.0031956976745277643,0.0021293016616255045,0.24516624212265015,-9.188830375671387,0.08825984597206116
2025-03-07 01:46:59.843819,320,240,20,20,10.887558017131232,-0.0005323254154063761,-0.011718139983713627,0.0,0.22555294632911682,-9.169217109680176,0.08825984597206116
2025-03-07 01:46:59.883985,320,240,20,20,11.124150528368773,-0.0010646508308127522,-0.0021293016616255045,0.0010646508308127522,0.24516624212265015,-9.188830375671387,0.10787314921617508
2025-03-07 01:46:59.923136,320,240,20,20,10.727255509517272,0.0,-0.005324999336153269,0.0005323254154063761,0.24516624212265015,-9.169217109680176,0.08825984597206116
2025-03-07 01:46:59.965152,320,240,20,20,10.85962551580451,0.0005323254154063761,-0.007456046529114246,-0.0010646508308127522,0.22555294632911682,-9.188830375671387,0.10787314921617508
2025-03-07 01:47:00.015416,320,240,20,20,10.894583017464901,0.0005323254154063761,-0.0021293016616255045,0.0021293016616255045,0.24516624212265015,-9.188830375671387,0.10787314921617508
