2025-03-07 02:06:35.612929,320,240,20,20,7.992310379614355,-0.0026616270188242197,-0.004792673978954554,0.0010646508308127522,0.3040061295032501,-9.169217109680176,0.08825984597206116
2025-03-07 02:06:35.675341,320,240,20,20,8.269752892792166,0.0,-0.006923720706254244,0.004260348621755838,0.2843928337097168,-9.188830375671387,0.10787314921617508
2025-03-07 02:06:35.726611,320,240,20,20,8.230827890943328,-0.0005323254154063761,-0.0010646508308127522,0.0031956976745277643,0.3040061295032501,-9.188830375671387,0.08825984597206116
2025-03-07 02:06:35.764427,320,240,20,20,8.17682038837811,0.0021293016616255045,-0.005324999336153269,0.0,0.32361945509910583,-9.169217109680176,0.10787314921617508
2025-03-07 02:06:35.796028,320,240,20,20,8.214682890176482,-0.003728023264557123,-0.006923720706254244,0.0005323254154063761,0.2843928337097168,-9.169217109680176,0.127486452460289
2025-03-07 02:06:35.837079,320,240,20,20,8.192832889138662,0.0026616270188242197,-0.0010646508308127522,-0.0005323254154063761,0.2843928337097168,-9.208444595336914,0.10787314921617508
2025-03-07 02:06:35.878239,320,240,20,20,8.25245539197058,-0.003728023264557123,-0.006391395349055529,0.0005323254154063761,0.32361945509910583,-9.188830375671387,0.08825984597206116
2025-03-07 02:06:35.918723,320,240,20,20,8.19610038929386,-0.006923720706254244,-0.003728023264557123,0.003728023264557123,0.2843928337097168,-9.188830375671387,0.08825984597206116
2025-03-07 02:06:35.959318,320,240,20,20,8.222680390556343,-0.005859069991856813,-0.004260348621755838,0.0010646508308127522,0.2843928337097168,-9.188830375671387,0.14709974825382233
2025-03-07 02:06:35.995898,320,240,20,20,8.166205387873925,-0.004792673978954554,-0.005859069991856813,-0.0010646508308127522,0.3040061295032501,-9.188830375671387,0.10787314921617508
2025-03-07 02:06:36.028755,320,240,20,20,8.193130389152794,-0.0015969761880114675,-0.004792673978954554,0.0010646508308127522,0.3040061295032501,-9.169217109680176,0.10787314921617508
2025-03-07 02:06:36.060195,320,240,20,20,8.144520386843942,-0.005859069991856813,-0.008520697243511677,0.0010646508308127522,0.2843928337097168,-9.188830375671387,0.10787314921617508
2025-03-07 02:06:36.091094,320,240,20,20,8.120300385693554,0.0005323254154063761,-0.0026616270188242197,0.003728023264557123,0.3040061295032501,-9.188830375671387,0.10787314921617508
2025-03-07 02:06:36.121647,320,240,20,20,8.051645382432616,-0.0026616270188242197,-0.011184069328010082,0.0015969761880114675,0.3040061295032501,-9.188830375671387,0.08825984597206116
2025-03-07 02:06:36.152104,320,240,20,20,8.178925388478092,-0.0005323254154063761,-0.0005323254154063761,0.0010646508308127522,0.2843928337097168,-9.188830375671387,0.08825984597206116
2025-03-07 02:06:36.181552,320,240,20,20,8.172072888152616,0.0005323254154063761,-0.006923720706254244,0.0,0.2843928337097168,-9.188830375671387,0.14709974825382233
2025-03-07 02:06:36.211482,320,240,20,20,8.177347888403165,0.0,-0.005324999336153269,0.0031956976745277643,0.2843928337097168,-9.188830375671387,0.127486452460289
2025-03-07 02:06:36.240991,320,240,20,20,8.220032890430593,-0.0021293016616255045,-0.010119418613612652,0.0015969761880114675,0.32361945509910583,-9.169217109680176,0.10787314921617508
2025-03-07 02:06:36.270910,320,240,20,20,8.193802889184735,0.0,-0.010119418613612652,0.005324999336153269,0.3040061295032501,-9.208444595336914,0.10787314921617508
2025-03-07 02:06:36.303122,320,240,20,20,8.150845387144363,-0.004792673978954554,-0.005324999336153269,0.0031956976745277643,0.2843928337097168,-9.169217109680176,0.10787314921617508
2025-03-07 02:06:36.354716,320,240,20,20,8.175402888310781,0.0026616270188242197,-0.0021293016616255045,0.0031956976745277643,0.3040061295032501,-9.188830375671387,0.127486452460289
2025-03-07 02:06:36.405694,320,240,20,20,8.116080385493115,-0.0010646508308127522,-0.008520697243511677,0.003728023264557123,0.3040061295032501,-9.188830375671387,0.10787314921617508
2025-03-07 02:06:36.463064,320,240,20,20,8.18573288880143,0.0,-0.003728023264557123,-0.0031956976745277643,0.2843928337097168,-9.188830375671387,0.127486452460289
2025-03-07 02:06:36.515468,320,240,20,20,8.235515391165972,0.0021293016616255045,-0.005859069991856813,-0.0026616270188242197,0.3040061295032501,-9.208444595336914,0.08825984597206116
2025-03-07 02:06:36.574450,320,240,20,20,8.272605392927654,0.003728023264557123,-0.0010646508308127522,-0.0005323254154063761,0.3040061295032501,-9.169217109680176,0.10787314921617508
2025-03-07 02:06:36.627816,320,240,20,20,8.062955382969813,0.0015969761880114675,-0.005859069991856813,0.0005323254154063761,0.3040061295032501,-9.169217109680176,0.127486452460289
2025-03-07 02:06:36.673738,320,240,20,20,8.228845390849164,0.0005323254154063761,-0.009054767899215221,-0.0010646508308127522,0.3040061295032501,-9.188830375671387,0.10787314921617508
2025-03-07 02:06:36.718797,320,240,20,20,8.235117891147093,0.0015969761880114675,-0.007988371886312962,0.0015969761880114675,0.2843928337097168,-9.169217109680176,0.10787314921617508
2025-03-07 02:06:36.772232,320,240,20,20,8.22372289060586,0.0015969761880114675,-0.0010646508308127522,0.003728023264557123,0.3040061295032501,-9.188830375671387,0.10787314921617508
2025-03-07 02:06:36.831302,320,240,20,20,8.222690390556817,-0.004260348621755838,-0.003728023264557123,0.0015969761880114675,0.3040061295032501,-9.169217109680176,0.10787314921617508
2025-03-07 02:06:36.870303,320,240,20,20,8.115627885471621,-0.0005323254154063761,-0.004792673978954554,0.0010646508308127522,0.2843928337097168,-9.169217109680176,0.127486452460289
2025-03-07 02:06:36.899857,320,240,20,20,8.157780387473759,-0.0010646508308127522,-0.004260348621755838,0.0021293016616255045,0.3040061295032501,-9.169217109680176,0.08825984597206116
2025-03-07 02:06:36.951178,320,240,20,20,8.172402888168289,0.005859069991856813,-0.005324999336153269,0.0010646508308127522,0.3040061295032501,-9.169217109680176,0.10787314921617508
2025-03-07 02:06:36.996383,320,240,20,20,8.125455385938404,0.0,-0.0015969761880114675,0.0005323254154063761,0.26477953791618347,-9.188830375671387,0.127486452460289
2025-03-07 02:06:37.050401,320,240,20,20,8.19837038940168,-0.003728023264557123,-0.007456046529114246,0.0026616270188242197,0.3040061295032501,-9.169217109680176,0.10787314921617508
2025-03-07 02:06:37.111968,320,240,20,20,8.123175385830109,0.004260348621755838,-0.003728023264557123,0.003728023264557123,0.2843928337097168,-9.188830375671387,0.10787314921617508
2025-03-07 02:06:37.158405,320,240,20,20,8.18637038883171,-0.0021293016616255045,-0.006391395349055529,0.0005323254154063761,0.3040061295032501,-9.188830375671387,0.10787314921617508
2025-03-07 02:06:37.190972,320,240,20,20,8.22413789062557,0.0015969761880114675,-0.006923720706254244,0.0026616270188242197,0.2843928337097168,-9.188830375671387,0.127486452460289
2025-03-07 02:06:37.220477,320,240,20,20,8.125452885938284,-0.003728023264557123,-0.0015969761880114675,0.0026616270188242197,0.2843928337097168,-9.188830375671387,0.127486452460289
2025-03-07 02:06:37.250186,320,240,20,20,8.131587886229681,-0.0010646508308127522,-0.005859069991856813,0.0015969761880114675,0.2843928337097168,-9.188830375671387,0.127486452460289
2025-03-07 02:06:37.280644,320,240,20,20,8.26011539233441,-0.004792673978954554,-0.009054767899215221,0.004260348621755838,0.3040061295032501,-9.188830375671387,0.08825984597206116
2025-03-07 02:06:37.337867,320,240,20,20,8.281117893331976,-0.0031956976745277643,-0.003728023264557123,0.0021293016616255045,0.3040061295032501,-9.188830375671387,0.10787314921617508
2025-03-07 02:06:37.399309,320,240,20,20,8.289822893745441,-0.004260348621755838,-0.0015969761880114675,0.0,0.3040061295032501,-9.188830375671387,0.127486452460289
2025-03-07 02:06:37.453324,320,240,20,20,8.295822894030426,-0.0005323254154063761,-0.006923720706254244,0.0005323254154063761,0.3040061295032501,-9.169217109680176,0.10787314921617508
2025-03-07 02:06:37.486524,320,240,20,20,8.159695387564716,-0.0031956976745277643,-0.007456046529114246,0.003728023264557123,0.2843928337097168,-9.169217109680176,0.127486452460289
2025-03-07 02:06:37.536412,320,240,20,20,8.168142887965951,-0.0010646508308127522,-0.006923720706254244,0.0010646508308127522,0.3040061295032501,-9.188830375671387,0.10787314921617508
2025-03-07 02:06:37.593742,320,240,20,20,8.231167890959478,-0.0010646508308127522,-0.006391395349055529,0.0005323254154063761,0.3040061295032501,-9.188830375671387,0.10787314921617508
2025-03-07 02:06:37.645896,320,240,20,20,8.152140387205872,-0.004260348621755838,-0.006923720706254244,0.0015969761880114675,0.3040061295032501,-9.188830375671387,0.127486452460289
2025-03-07 02:06:37.706721,320,240,20,20,8.321550395252416,-0.0015969761880114675,-0.008520697243511677,0.0010646508308127522,0.3040061295032501,-9.188830375671387,0.10787314921617508
2025-03-07 02:06:37.769098,320,240,20,20,8.100075384732918,-0.0026616270188242197,-0.0026616270188242197,0.0005323254154063761,0.2843928337097168,-9.188830375671387,0.127486452460289
2025-03-07 02:06:37.831584,320,240,20,20,8.136870386480586,-0.0010646508308127522,-0.007988371886312962,0.0031956976745277643,0.3040061295032501,-9.169217109680176,0.127486452460289
2025-03-07 02:06:37.883585,320,240,20,20,8.198180389392656,0.0010646508308127522,-0.005859069991856813,0.004260348621755838,0.3040061295032501,-9.188830375671387,0.08825984597206116
2025-03-07 02:06:37.933720,320,240,20,20,8.196527889314165,-0.0026616270188242197,-0.009587093256413937,-0.0005323254154063761,0.3040061295032501,-9.188830375671387,0.10787314921617508
2025-03-07 02:06:37.975653,320,240,20,20,8.206177889772515,0.0021293016616255045,-0.006391395349055529,0.0015969761880114675,0.3040061295032501,-9.188830375671387,0.10787314921617508
2025-03-07 02:06:38.014447,320,240,20,20,8.227485390784569,-0.003728023264557123,-0.0026616270188242197,0.005324999336153269,0.2843928337097168,-9.169217109680176,0.127486452460289
2025-03-07 02:06:38.055599,320,240,20,20,8.25989789232408,-0.0021293016616255045,-0.0021293016616255045,0.0010646508308127522,0.2843928337097168,-9.169217109680176,0.10787314921617508
2025-03-07 02:06:38.096616,320,240,20,20,8.229482890879444,-0.0021293016616255045,-0.006923720706254244,0.0005323254154063761,0.3040061295032501,-9.188830375671387,0.10787314921617508
2025-03-07 02:06:38.136149,320,240,20,20,8.19417288920231,-0.0026616270188242197,-0.005324999336153269,0.0026616270188242197,0.3040061295032501,-9.169217109680176,0.10787314921617508
2025-03-07 02:06:38.177824,320,240,20,20,8.228727890843583,-0.0015969761880114675,-0.005859069991856813,0.0021293016616255045,0.32361945509910583,-9.188830375671387,0.08825984597206116
2025-03-07 02:06:38.233966,320,240,20,20,8.172745388184557,-0.004260348621755838,-0.005859069991856813,0.0031956976745277643,0.3040061295032501,-9.188830375671387,0.10787314921617508
2025-03-07 02:06:38.284345,320,240,20,20,8.168750387994805,-0.0021293016616255045,-0.005859069991856813,0.0,0.2843928337097168,-9.169217109680176,0.08825984597206116
2025-03-07 02:06:38.332022,320,240,20,20,8.187292888875527,0.0015969761880114675,-0.005859069991856813,0.0031956976745277643,0.3040061295032501,-9.169217109680176,0.10787314921617508
2025-03-07 02:06:38.373273,320,240,20,20,8.242655391505105,-0.0010646508308127522,-0.0005323254154063761,-0.005324999336153269,0.3040061295032501,-9.188830375671387,0.127486452460289
2025-03-07 02:06:38.415008,320,240,20,20,8.204165389676927,-0.0026616270188242197,-0.007456046529114246,0.0010646508308127522,0.2843928337097168,-9.188830375671387,0.10787314921617508
2025-03-07 02:06:38.451133,320,240,20,20,8.189885388998665,0.0,-0.0026616270188242197,0.0021293016616255045,0.3040061295032501,-9.169217109680176,0.08825984597206116
2025-03-07 02:06:38.489621,320,240,20,20,8.33298289579543,0.0026616270188242197,-0.004260348621755838,0.0021293016616255045,0.3040061295032501,-9.188830375671387,0.10787314921617508
2025-03-07 02:06:38.532765,320,240,20,20,8.283352893438131,0.0010646508308127522,-0.004260348621755838,0.0021293016616255045,0.2843928337097168,-9.188830375671387,0.10787314921617508
2025-03-07 02:06:38.572065,320,240,20,20,8.190680389036425,0.0005323254154063761,-0.006923720706254244,0.0,0.3040061295032501,-9.188830375671387,0.127486452460289
2025-03-07 02:06:38.609153,320,240,20,20,8.172912888192513,-0.0021293016616255045,-0.009587093256413937,0.0015969761880114675,0.3040061295032501,-9.169217109680176,0.10787314921617508
2025-03-07 02:06:38.643012,320,240,20,20,8.248802891797094,-0.0005323254154063761,-0.010651743970811367,0.003728023264557123,0.2843928337097168,-9.169217109680176,0.10787314921617508
2025-03-07 02:06:38.683182,320,240,20,20,8.15899038753123,-0.004260348621755838,-0.005859069991856813,0.0010646508308127522,0.2843928337097168,-9.169217109680176,0.10787314921617508
2025-03-07 02:06:38.721656,320,240,20,20,8.159277887544885,-0.0031956976745277643,-0.004792673978954554,0.0026616270188242197,0.3040061295032501,-9.188830375671387,0.08825984597206116
2025-03-07 02:06:38.761856,320,240,20,20,8.214677890176244,0.0,-0.004260348621755838,0.0005323254154063761,0.2843928337097168,-9.188830375671387,0.10787314921617508
2025-03-07 02:06:38.800964,320,240,20,20,8.167987887958589,-0.0021293016616255045,-0.009587093256413937,0.0,0.3040061295032501,-9.188830375671387,0.127486452460289
2025-03-07 02:06:38.854015,320,240,20,20,8.205245389728224,-0.0005323254154063761,-0.003728023264557123,0.0010646508308127522,0.3040061295032501,-9.188830375671387,0.08825984597206116
2025-03-07 02:06:38.902672,320,240,20,20,8.163522887746513,-0.0010646508308127522,-0.004260348621755838,0.0,0.2843928337097168,-9.188830375671387,0.08825984597206116
2025-03-07 02:06:38.934874,320,240,20,20,8.254195392053225,-0.0010646508308127522,-0.011184069328010082,0.004792673978954554,0.3040061295032501,-9.188830375671387,0.10787314921617508
2025-03-07 02:06:38.973733,320,240,20,20,8.225215390676748,-0.005324999336153269,-0.008520697243511677,0.0015969761880114675,0.3040061295032501,-9.169217109680176,0.10787314921617508
2025-03-07 02:06:39.012387,320,240,20,20,8.265382892584602,-0.0021293016616255045,-0.009587093256413937,0.0015969761880114675,0.3040061295032501,-9.169217109680176,0.127486452460289
2025-03-07 02:06:39.050936,320,240,20,20,8.278117893189483,-0.0010646508308127522,-0.004260348621755838,0.0,0.3040061295032501,-9.169217109680176,0.127486452460289
2025-03-07 02:06:39.089791,320,240,20,20,8.21464789017482,-0.0005323254154063761,-0.007988371886312962,0.0015969761880114675,0.32361945509910583,-9.169217109680176,0.10787314921617508
2025-03-07 02:06:39.128807,320,240,20,20,8.221865390517632,-0.0005323254154063761,-0.009054767899215221,0.005859069991856813,0.2843928337097168,-9.169217109680176,0.08825984597206116
2025-03-07 02:06:39.168351,320,240,20,20,8.203272889634537,-0.0021293016616255045,-0.004792673978954554,0.0015969761880114675,0.2843928337097168,-9.188830375671387,0.10787314921617508
2025-03-07 02:06:39.205047,320,240,20,20,8.163525387746631,-0.0026616270188242197,-0.005324999336153269,0.004260348621755838,0.2843928337097168,-9.188830375671387,0.127486452460289
2025-03-07 02:06:39.242936,320,240,20,20,8.337935396030662,-0.0010646508308127522,-0.004260348621755838,-0.0005323254154063761,0.3040061295032501,-9.169217109680176,0.10787314921617508
2025-03-07 02:06:39.280674,320,240,20,20,8.194045389196253,-0.0010646508308127522,-0.010651743970811367,0.0015969761880114675,0.3040061295032501,-9.188830375671387,0.10787314921617508
2025-03-07 02:06:39.318910,320,240,20,20,8.224610390648014,-0.0026616270188242197,-0.007988371886312962,-0.0031956976745277643,0.3040061295032501,-9.188830375671387,0.08825984597206116
2025-03-07 02:06:39.362981,320,240,20,20,8.246600391692482,0.0015969761880114675,-0.006391395349055529,0.0005323254154063761,0.2843928337097168,-9.188830375671387,0.127486452460289
2025-03-07 02:06:39.419072,320,240,20,20,8.168235387970345,-0.0031956976745277643,-0.004792673978954554,0.0005323254154063761,0.3040061295032501,-9.188830375671387,0.10787314921617508
2025-03-07 02:06:39.466937,320,240,20,20,8.197230389347533,0.0,-0.008520697243511677,0.0,0.3040061295032501,-9.188830375671387,0.127486452460289
2025-03-07 02:06:39.508486,320,240,20,20,8.164270387782016,-0.0021293016616255045,-0.004792673978954554,0.003728023264557123,0.3040061295032501,-9.188830375671387,0.08825984597206116
2025-03-07 02:06:39.548838,320,240,20,20,8.26968789278908,0.0015969761880114675,-0.005859069991856813,0.0026616270188242197,0.2843928337097168,-9.188830375671387,0.10787314921617508
2025-03-07 02:06:39.589083,320,240,20,20,8.171440388122573,0.0026616270188242197,-0.010119418613612652,0.0021293016616255045,0.3040061295032501,-9.188830375671387,0.08825984597206116
2025-03-07 02:06:39.632833,320,240,20,20,8.163000387721695,-0.0010646508308127522,-0.008520697243511677,0.004792673978954554,0.3040061295032501,-9.169217109680176,0.10787314921617508
2025-03-07 02:06:39.673225,320,240,20,20,8.240722891413316,-0.0026616270188242197,-0.003728023264557123,0.0005323254154063761,0.3040061295032501,-9.169217109680176,0.08825984597206116
2025-03-07 02:06:39.716850,320,240,20,20,8.201985389573384,-0.0015969761880114675,-0.004792673978954554,0.0,0.3040061295032501,-9.188830375671387,0.10787314921617508
2025-03-07 02:06:39.757730,320,240,20,20,8.204402889688208,-0.0026616270188242197,-0.0021293016616255045,0.0031956976745277643,0.3040061295032501,-9.188830375671387,0.127486452460289
2025-03-07 02:06:39.799184,320,240,20,20,8.251910391944694,-0.004792673978954554,-0.009587093256413937,0.003728023264557123,0.3040061295032501,-9.188830375671387,0.10787314921617508
2025-03-07 02:06:39.842510,320,240,20,20,8.232175391007331,-0.0021293016616255045,-0.006391395349055529,0.0015969761880114675,0.3040061295032501,-9.188830375671387,0.10787314921617508
2025-03-07 02:06:39.883950,320,240,20,20,8.311982894797984,-0.0026616270188242197,-0.007988371886312962,0.0,0.2843928337097168,-9.188830375671387,0.08825984597206116
2025-03-07 02:06:39.927303,320,240,20,20,8.220512890453392,0.0026616270188242197,-0.006923720706254244,0.004792673978954554,0.2843928337097168,-9.169217109680176,0.10787314921617508
2025-03-07 02:06:39.968727,320,240,20,20,8.233965391092351,0.0005323254154063761,-0.004260348621755838,0.0026616270188242197,0.2843928337097168,-9.188830375671387,0.127486452460289
2025-03-07 02:06:40.013586,320,240,20,20,8.272190392907941,-0.0021293016616255045,-0.005324999336153269,0.005859069991856813,0.3040061295032501,-9.169217109680176,0.10787314921617508
2025-03-07 02:06:40.053494,320,240,20,20,8.198850389424479,-0.0031956976745277643,-0.0021293016616255045,0.0010646508308127522,0.3040061295032501,-9.169217109680176,0.10787314921617508
2025-03-07 02:06:40.095888,320,240,20,20,8.248547891784984,0.0015969761880114675,-0.004260348621755838,-0.0010646508308127522,0.3040061295032501,-9.169217109680176,0.08825984597206116
2025-03-07 02:06:40.137302,320,240,20,20,8.189107888961734,0.0,-0.006391395349055529,-0.0021293016616255045,0.3040061295032501,-9.188830375671387,0.127486452460289
2025-03-07 02:06:40.180613,320,240,20,20,8.127505386035773,0.0,-0.005859069991856813,0.004792673978954554,0.3040061295032501,-9.188830375671387,0.10787314921617508
2025-03-07 02:06:40.221740,320,240,20,20,8.267017892662262,-0.004260348621755838,-0.005859069991856813,0.0015969761880114675,0.3040061295032501,-9.188830375671387,0.10787314921617508
2025-03-07 02:06:40.264389,320,240,20,20,8.260915392372407,-0.006923720706254244,-0.006391395349055529,0.0005323254154063761,0.3040061295032501,-9.169217109680176,0.10787314921617508
2025-03-07 02:06:40.303052,320,240,20,20,8.274660393025261,0.0021293016616255045,-0.003728023264557123,0.0015969761880114675,0.32361945509910583,-9.188830375671387,0.10787314921617508
2025-03-07 02:06:40.347325,320,240,20,20,8.226350390730659,-0.006391395349055529,-0.0031956976745277643,-0.0015969761880114675,0.3040061295032501,-9.188830375671387,0.10787314921617508
2025-03-07 02:06:40.392192,320,240,20,20,8.200275389492163,0.0031956976745277643,-0.003728023264557123,0.0026616270188242197,0.3040061295032501,-9.169217109680176,0.127486452460289
2025-03-07 02:06:40.437036,320,240,20,20,8.264707892552542,-0.0010646508308127522,-0.009054767899215221,-0.0005323254154063761,0.3040061295032501,-9.188830375671387,0.10787314921617508
2025-03-07 02:06:40.479875,320,240,20,20,8.284812893507478,0.0,-0.005859069991856813,0.0026616270188242197,0.3040061295032501,-9.169217109680176,0.10787314921617508
2025-03-07 02:06:40.525964,320,240,20,20,8.196870389330433,-0.0005323254154063761,-0.004260348621755838,-0.0005323254154063761,0.3040061295032501,-9.169217109680176,0.10787314921617508
2025-03-07 02:06:40.572268,320,240,20,20,8.181362888593867,-0.0026616270188242197,-0.005859069991856813,0.0015969761880114675,0.3040061295032501,-9.188830375671387,0.10787314921617508
2025-03-07 02:06:40.618693,320,240,20,20,8.246197891673365,-0.0010646508308127522,-0.007456046529114246,0.004792673978954554,0.3040061295032501,-9.188830375671387,0.10787314921617508
2025-03-07 02:06:40.661960,320,240,20,20,8.212627890078874,-0.0015969761880114675,-0.006923720706254244,0.0021293016616255045,0.2843928337097168,-9.208444595336914,0.10787314921617508
2025-03-07 02:06:40.704206,320,240,20,20,8.116640385519712,-0.0031956976745277643,-0.0010646508308127522,0.003728023264557123,0.3040061295032501,-9.169217109680176,0.08825984597206116
2025-03-07 02:06:40.749292,320,240,20,20,8.266810392652406,-0.0015969761880114675,-0.008520697243511677,0.003728023264557123,0.2843928337097168,-9.188830375671387,0.10787314921617508
2025-03-07 02:06:40.792878,320,240,20,20,8.182107888629252,0.0015969761880114675,-0.004792673978954554,0.0021293016616255045,0.3040061295032501,-9.188830375671387,0.10787314921617508
2025-03-07 02:06:40.837701,320,240,20,20,8.240365391396335,-0.007988371886312962,-0.004260348621755838,0.003728023264557123,0.3040061295032501,-9.188830375671387,0.10787314921617508
2025-03-07 02:06:40.879923,320,240,20,20,8.248950391804101,-0.004792673978954554,-0.007988371886312962,0.004792673978954554,0.3040061295032501,-9.188830375671387,0.10787314921617508
2025-03-07 02:06:40.934657,320,240,20,20,8.2247553906549,-0.0010646508308127522,-0.005859069991856813,0.0015969761880114675,0.3040061295032501,-9.188830375671387,0.08825984597206116
2025-03-07 02:06:40.997526,320,240,20,20,8.123085385825835,0.0005323254154063761,-0.0031956976745277643,0.004260348621755838,0.3040061295032501,-9.188830375671387,0.10787314921617508
2025-03-07 02:06:41.060284,320,240,20,20,8.23392789109057,-0.0026616270188242197,-0.007456046529114246,0.003728023264557123,0.3040061295032501,-9.188830375671387,0.127486452460289
2025-03-07 02:06:41.121533,320,240,20,20,8.29961289421044,-0.0015969761880114675,-0.003728023264557123,0.004792673978954554,0.3040061295032501,-9.188830375671387,0.08825984597206116
2025-03-07 02:06:41.185431,320,240,20,20,8.19232038911432,0.0,-0.005859069991856813,0.0031956976745277643,0.3040061295032501,-9.188830375671387,0.08825984597206116
2025-03-07 02:06:41.247593,320,240,20,20,8.170237888065458,-0.0031956976745277643,-0.010651743970811367,0.004260348621755838,0.3040061295032501,-9.188830375671387,0.10787314921617508
2025-03-07 02:06:41.308874,320,240,20,20,8.23082539094321,-0.0015969761880114675,-0.007988371886312962,0.0026616270188242197,0.3040061295032501,-9.188830375671387,0.10787314921617508
2025-03-07 02:06:41.370188,320,240,20,20,8.235625391171197,0.0005323254154063761,-0.005324999336153269,0.0010646508308127522,0.2843928337097168,-9.188830375671387,0.10787314921617508
2025-03-07 02:06:41.432050,320,240,20,20,8.306810394552304,0.0,-0.004792673978954554,0.0010646508308127522,0.2843928337097168,-9.208444595336914,0.10787314921617508
2025-03-07 02:06:41.493216,320,240,20,20,8.156465387411298,-0.004260348621755838,-0.003728023264557123,0.0,0.3040061295032501,-9.188830375671387,0.06864655017852783
2025-03-07 02:06:41.554959,320,240,20,20,8.2717978928893,-0.0010646508308127522,-0.004260348621755838,0.0005323254154063761,0.32361945509910583,-9.188830375671387,0.10787314921617508
2025-03-07 02:06:41.618493,320,240,20,20,8.227867890802736,-0.004260348621755838,-0.005859069991856813,0.004260348621755838,0.3040061295032501,-9.169217109680176,0.10787314921617508
2025-03-07 02:06:41.679821,320,240,20,20,8.226815390752744,-0.0010646508308127522,-0.005859069991856813,0.0005323254154063761,0.2843928337097168,-9.169217109680176,0.10787314921617508
2025-03-07 02:06:41.742920,320,240,20,20,8.244470391591312,-0.0026616270188242197,-0.005324999336153269,0.0010646508308127522,0.3040061295032501,-9.188830375671387,0.10787314921617508
2025-03-07 02:06:41.807347,320,240,20,20,8.156320387404412,-0.007988371886312962,-0.009054767899215221,0.0026616270188242197,0.3040061295032501,-9.188830375671387,0.08825984597206116
2025-03-07 02:06:41.870592,320,240,20,20,8.242680391506292,-0.0021293016616255045,-0.006391395349055529,0.0026616270188242197,0.2843928337097168,-9.188830375671387,0.10787314921617508
2025-03-07 02:06:41.932353,320,240,20,20,8.185612888795731,0.0021293016616255045,-0.003728023264557123,0.004792673978954554,0.3040061295032501,-9.169217109680176,0.08825984597206116
2025-03-07 02:06:41.990651,320,240,20,20,8.2639953925187,0.0005323254154063761,-0.003728023264557123,0.0021293016616255045,0.2843928337097168,-9.188830375671387,0.10787314921617508
2025-03-07 02:06:42.030001,320,240,20,20,8.249175391814788,-0.0026616270188242197,-0.011184069328010082,0.006923720706254244,0.3040061295032501,-9.169217109680176,0.10787314921617508
2025-03-07 02:06:42.059965,320,240,20,20,8.146570386941312,-0.0010646508308127522,-0.0015969761880114675,0.0031956976745277643,0.3040061295032501,-9.188830375671387,0.10787314921617508
2025-03-07 02:06:42.110957,320,240,20,20,8.219130390387727,-0.0021293016616255045,-0.006391395349055529,0.003728023264557123,0.3040061295032501,-9.208444595336914,0.10787314921617508
2025-03-07 02:06:42.173800,320,240,20,20,8.234422891114082,0.0015969761880114675,-0.005324999336153269,0.0015969761880114675,0.3040061295032501,-9.188830375671387,0.10787314921617508
2025-03-07 02:06:42.235505,320,240,20,20,8.181187888585555,0.0021293016616255045,-0.006923720706254244,0.0010646508308127522,0.3040061295032501,-9.169217109680176,0.10787314921617508
2025-03-07 02:06:42.301405,320,240,20,20,8.232365391016355,-0.0010646508308127522,-0.004792673978954554,0.006923720706254244,0.3040061295032501,-9.188830375671387,0.10787314921617508
2025-03-07 02:06:42.359869,320,240,20,20,8.322425395293976,-0.0005323254154063761,-0.006391395349055529,0.0015969761880114675,0.3040061295032501,-9.188830375671387,0.08825984597206116
2025-03-07 02:06:42.406226,320,240,20,20,8.267352892678172,-0.0005323254154063761,-0.004260348621755838,0.0005323254154063761,0.3040061295032501,-9.188830375671387,0.127486452460289
2025-03-07 02:06:42.449252,320,240,20,20,8.308575394636136,0.0005323254154063761,-0.009054767899215221,0.0015969761880114675,0.3040061295032501,-9.169217109680176,0.127486452460289
2025-03-07 02:06:42.488424,320,240,20,20,8.200692889511993,-0.0026616270188242197,-0.0021293016616255045,0.0021293016616255045,0.2843928337097168,-9.169217109680176,0.10787314921617508
2025-03-07 02:06:42.529421,320,240,20,20,8.25323039200739,0.0,-0.006391395349055529,0.0,0.3040061295032501,-9.169217109680176,0.10787314921617508
2025-03-07 02:06:42.571951,320,240,20,20,8.26803289271047,0.0010646508308127522,-0.0010646508308127522,0.0,0.3040061295032501,-9.188830375671387,0.10787314921617508
2025-03-07 02:06:42.610711,320,240,20,20,8.270380392821972,-0.0026616270188242197,-0.006923720706254244,0.0031956976745277643,0.3040061295032501,-9.188830375671387,0.08825984597206116
2025-03-07 02:06:42.649948,320,240,20,20,8.310710394737544,-0.0005323254154063761,-0.004792673978954554,0.0031956976745277643,0.3040061295032501,-9.169217109680176,0.10787314921617508
2025-03-07 02:06:42.686692,320,240,20,20,8.152472887221666,-0.0010646508308127522,-0.006391395349055529,0.0026616270188242197,0.3040061295032501,-9.169217109680176,0.10787314921617508
2025-03-07 02:06:42.719956,320,240,20,20,8.238980391330552,-0.0021293016616255045,-0.004260348621755838,0.0026616270188242197,0.3040061295032501,-9.188830375671387,0.10787314921617508
2025-03-07 02:06:42.750634,320,240,20,20,8.227022890762601,-0.0031956976745277643,-0.010119418613612652,-0.0005323254154063761,0.2843928337097168,-9.169217109680176,0.10787314921617508
2025-03-07 02:06:42.780343,320,240,20,20,8.234620391123462,-0.0005323254154063761,-0.006923720706254244,0.0010646508308127522,0.32361945509910583,-9.188830375671387,0.127486452460289
2025-03-07 02:06:42.809861,320,240,20,20,8.23985789137223,-0.0005323254154063761,-0.009054767899215221,0.005324999336153269,0.3040061295032501,-9.188830375671387,0.127486452460289
2025-03-07 02:06:42.840181,320,240,20,20,8.203715389655553,0.0015969761880114675,-0.0021293016616255045,0.004792673978954554,0.3040061295032501,-9.169217109680176,0.10787314921617508
2025-03-07 02:06:42.869826,320,240,20,20,8.255982892138126,0.0005323254154063761,-0.005324999336153269,0.0026616270188242197,0.3040061295032501,-9.169217109680176,0.10787314921617508
2025-03-07 02:06:42.899712,320,240,20,20,8.269927892800478,-0.0010646508308127522,-0.011184069328010082,0.004260348621755838,0.3040061295032501,-9.188830375671387,0.10787314921617508
2025-03-07 02:06:42.934616,320,240,20,20,8.217715390320517,-0.005324999336153269,-0.007988371886312962,0.0010646508308127522,0.3040061295032501,-9.188830375671387,0.10787314921617508
2025-03-07 02:06:42.971149,320,240,20,20,8.240815391417708,-0.0031956976745277643,-0.006923720706254244,0.003728023264557123,0.3040061295032501,-9.188830375671387,0.127486452460289
2025-03-07 02:06:43.008980,320,240,20,20,8.234655391125125,-0.0021293016616255045,-0.0026616270188242197,-0.0026616270188242197,0.3040061295032501,-9.169217109680176,0.10787314921617508
2025-03-07 02:06:43.048973,320,240,20,20,8.182580388651695,-0.0010646508308127522,-0.005859069991856813,0.0,0.3040061295032501,-9.188830375671387,0.10787314921617508
2025-03-07 02:06:43.087296,320,240,20,20,8.257995392233715,0.0005323254154063761,-0.004792673978954554,0.0,0.2843928337097168,-9.188830375671387,0.127486452460289
2025-03-07 02:06:43.125801,320,240,20,20,8.2397603913676,-0.0010646508308127522,-0.005859069991856813,0.0021293016616255045,0.3040061295032501,-9.169217109680176,0.08825984597206116
2025-03-07 02:06:43.165305,320,240,20,20,8.212082890052988,-0.004260348621755838,-0.004260348621755838,0.0021293016616255045,0.3040061295032501,-9.188830375671387,0.08825984597206116
2025-03-07 02:06:43.203442,320,240,20,20,8.202517889598676,-0.004792673978954554,-0.0031956976745277643,0.003728023264557123,0.2843928337097168,-9.188830375671387,0.10787314921617508
2025-03-07 02:06:43.244319,320,240,20,20,8.217760390322656,-0.0010646508308127522,-0.006923720706254244,0.003728023264557123,0.3040061295032501,-9.188830375671387,0.127486452460289
2025-03-07 02:06:43.282672,320,240,20,20,8.156935387433624,0.0021293016616255045,-0.004792673978954554,0.0010646508308127522,0.3040061295032501,-9.188830375671387,0.10787314921617508
2025-03-07 02:06:43.321177,320,240,20,20,8.245957891661964,-0.0010646508308127522,-0.004260348621755838,0.006391395349055529,0.3040061295032501,-9.169217109680176,0.10787314921617508
2025-03-07 02:06:43.362819,320,240,20,20,8.210480389976874,0.0010646508308127522,-0.007456046529114246,0.0010646508308127522,0.2843928337097168,-9.188830375671387,0.08825984597206116
2025-03-07 02:06:43.404944,320,240,20,20,8.299917894224928,0.0005323254154063761,-0.003728023264557123,0.004792673978954554,0.3040061295032501,-9.169217109680176,0.10787314921617508
2025-03-07 02:06:43.445154,320,240,20,20,8.28974539374176,-0.0015969761880114675,-0.007456046529114246,-0.0015969761880114675,0.3040061295032501,-9.169217109680176,0.10787314921617508
2025-03-07 02:06:43.483136,320,240,20,20,8.243550391547615,-0.0026616270188242197,-0.005324999336153269,0.0005323254154063761,0.3040061295032501,-9.188830375671387,0.10787314921617508
2025-03-07 02:06:43.514142,320,240,20,20,8.200157889486581,-0.0031956976745277643,-0.005859069991856813,0.0005323254154063761,0.3040061295032501,-9.188830375671387,0.10787314921617508
2025-03-07 02:06:43.543907,320,240,20,20,8.299340394197497,-0.0005323254154063761,-0.006391395349055529,0.0031956976745277643,0.3040061295032501,-9.188830375671387,0.08825984597206116
2025-03-07 02:06:43.573987,320,240,20,20,8.269877892798103,-0.0031956976745277643,-0.0021293016616255045,-0.0010646508308127522,0.3040061295032501,-9.169217109680176,0.10787314921617508
2025-03-07 02:06:43.611315,320,240,20,20,8.269915392799884,-0.0015969761880114675,-0.003728023264557123,0.0021293016616255045,0.3040061295032501,-9.188830375671387,0.10787314921617508
2025-03-07 02:06:43.652779,320,240,20,20,8.176595388367423,-0.0026616270188242197,-0.005859069991856813,0.0,0.2843928337097168,-9.188830375671387,0.10787314921617508
2025-03-07 02:06:43.691954,320,240,20,20,8.280020393279846,-0.0021293016616255045,-0.008520697243511677,0.0015969761880114675,0.3040061295032501,-9.188830375671387,0.10787314921617508
2025-03-07 02:06:43.727036,320,240,20,20,8.199115389437065,-0.0026616270188242197,0.0005323254154063761,-0.0005323254154063761,0.32361945509910583,-9.169217109680176,0.08825984597206116
2025-03-07 02:06:43.757354,320,240,20,20,8.219470390403876,-0.0026616270188242197,-0.0031956976745277643,0.0021293016616255045,0.3040061295032501,-9.188830375671387,0.10787314921617508
2025-03-07 02:06:43.787299,320,240,20,20,8.23508289114543,-0.0026616270188242197,-0.009054767899215221,-0.0005323254154063761,0.2843928337097168,-9.169217109680176,0.127486452460289
2025-03-07 02:06:43.817653,320,240,20,20,8.180022888530221,-0.0010646508308127522,-0.006391395349055529,0.0015969761880114675,0.3040061295032501,-9.188830375671387,0.10787314921617508
2025-03-07 02:06:43.847993,320,240,20,20,8.272840392938814,-0.0005323254154063761,-0.005324999336153269,-0.0005323254154063761,0.2843928337097168,-9.188830375671387,0.127486452460289
2025-03-07 02:06:43.877666,320,240,20,20,8.229030390857952,-0.006391395349055529,-0.003728023264557123,0.0010646508308127522,0.2843928337097168,-9.188830375671387,0.10787314921617508
2025-03-07 02:06:43.921765,320,240,20,20,8.201110389531824,0.0015969761880114675,-0.006391395349055529,0.0005323254154063761,0.2843928337097168,-9.188830375671387,0.08825984597206116
2025-03-07 02:06:43.961238,320,240,20,20,8.230035390905687,0.0005323254154063761,-0.0026616270188242197,0.0031956976745277643,0.3040061295032501,-9.188830375671387,0.10787314921617508
2025-03-07 02:06:44.003141,320,240,20,20,8.299750394216971,-0.003728023264557123,-0.009054767899215221,0.0031956976745277643,0.3040061295032501,-9.188830375671387,0.10787314921617508
2025-03-07 02:06:44.041742,320,240,20,20,8.208250389870955,-0.005859069991856813,-0.004792673978954554,0.0015969761880114675,0.3040061295032501,-9.169217109680176,0.10787314921617508
2025-03-07 02:06:44.079708,320,240,20,20,8.210132889960368,-0.0015969761880114675,-0.0021293016616255045,0.0,0.2843928337097168,-9.169217109680176,0.10787314921617508
2025-03-07 02:06:44.118928,320,240,20,20,8.27088039284572,0.005324999336153269,-0.0026616270188242197,0.004260348621755838,0.3040061295032501,-9.188830375671387,0.10787314921617508
2025-03-07 02:06:44.156393,320,240,20,20,8.192467889121327,0.0010646508308127522,-0.0005323254154063761,0.0005323254154063761,0.3040061295032501,-9.188830375671387,0.10787314921617508
2025-03-07 02:06:44.192077,320,240,20,20,8.117747885572317,-0.0021293016616255045,-0.007456046529114246,0.0031956976745277643,0.3040061295032501,-9.169217109680176,0.10787314921617508
2025-03-07 02:06:44.223034,320,240,20,20,8.22453789064457,-0.0031956976745277643,0.0005323254154063761,0.003728023264557123,0.3040061295032501,-9.169217109680176,0.08825984597206116
2025-03-07 02:06:44.262348,320,240,20,20,8.2152053902013,0.0010646508308127522,-0.0010646508308127522,0.0,0.3040061295032501,-9.188830375671387,0.10787314921617508
2025-03-07 02:06:44.302084,320,240,20,20,8.299760394217447,-0.003728023264557123,-0.009054767899215221,0.0015969761880114675,0.3040061295032501,-9.188830375671387,0.10787314921617508
2025-03-07 02:06:44.336236,320,240,20,20,8.155482887364633,-0.0010646508308127522,-0.006391395349055529,0.0031956976745277643,0.3040061295032501,-9.208444595336914,0.08825984597206116
2025-03-07 02:06:44.378514,320,240,20,20,8.192625389128807,-0.0031956976745277643,-0.007988371886312962,0.0021293016616255045,0.3040061295032501,-9.169217109680176,0.10787314921617508
2025-03-07 02:06:44.417632,320,240,20,20,8.213545390122453,-0.0021293016616255045,-0.005324999336153269,0.0015969761880114675,0.3040061295032501,-9.188830375671387,0.10787314921617508
2025-03-07 02:06:44.458742,320,240,20,20,8.247432891732023,-0.0005323254154063761,-0.004792673978954554,0.0021293016616255045,0.3040061295032501,-9.188830375671387,0.127486452460289
2025-03-07 02:06:44.496339,320,240,20,20,8.224212890629133,-0.0021293016616255045,-0.010119418613612652,0.0031956976745277643,0.3040061295032501,-9.188830375671387,0.10787314921617508
2025-03-07 02:06:44.534860,320,240,20,20,8.221242890488066,-0.0015969761880114675,-0.005859069991856813,-0.0005323254154063761,0.3040061295032501,-9.169217109680176,0.08825984597206116
2025-03-07 02:06:44.574156,320,240,20,20,8.345310396380956,-0.0015969761880114675,-0.0031956976745277643,0.0031956976745277643,0.2843928337097168,-9.188830375671387,0.08825984597206116
2025-03-07 02:06:44.614767,320,240,20,20,8.265090392570709,0.0,-0.007456046529114246,0.0021293016616255045,0.3040061295032501,-9.188830375671387,0.10787314921617508
2025-03-07 02:06:44.655799,320,240,20,20,8.247095391715993,-0.0005323254154063761,-0.005324999336153269,0.0,0.3040061295032501,-9.169217109680176,0.10787314921617508
2025-03-07 02:06:44.695287,320,240,20,20,8.332497895772395,-0.0031956976745277643,-0.012250465340912342,0.0015969761880114675,0.3040061295032501,-9.169217109680176,0.08825984597206116
2025-03-07 02:06:44.735282,320,240,20,20,8.19397038919269,0.0021293016616255045,-0.0010646508308127522,-0.0010646508308127522,0.3040061295032501,-9.169217109680176,0.10787314921617508
2025-03-07 02:06:44.773996,320,240,20,20,8.270882892845838,-0.004260348621755838,-0.005324999336153269,0.0026616270188242197,0.32361945509910583,-9.188830375671387,0.10787314921617508
2025-03-07 02:06:44.810678,320,240,20,20,8.249295391820487,-0.004260348621755838,-0.008520697243511677,0.0010646508308127522,0.3040061295032501,-9.188830375671387,0.10787314921617508
2025-03-07 02:06:44.851279,320,240,20,20,8.321260395238642,0.0,-0.0031956976745277643,0.0026616270188242197,0.3040061295032501,-9.169217109680176,0.08825984597206116
2025-03-07 02:06:44.890011,320,240,20,20,8.203645389652229,0.0015969761880114675,-0.009587093256413937,-0.0026616270188242197,0.3040061295032501,-9.188830375671387,0.10787314921617508
2025-03-07 02:06:44.926502,320,240,20,20,8.22875539084489,-0.003728023264557123,-0.005324999336153269,0.0010646508308127522,0.2843928337097168,-9.169217109680176,0.10787314921617508
2025-03-07 02:06:44.965175,320,240,20,20,8.390845398543751,-0.004260348621755838,-0.007456046529114246,0.004260348621755838,0.2843928337097168,-9.188830375671387,0.127486452460289
2025-03-07 02:06:45.003945,320,240,20,20,8.172907888192276,0.0010646508308127522,-0.009587093256413937,0.0015969761880114675,0.3040061295032501,-9.188830375671387,0.127486452460289
2025-03-07 02:06:45.043464,320,240,20,20,8.287690393644151,-0.0021293016616255045,-0.0005323254154063761,0.0015969761880114675,0.3040061295032501,-9.169217109680176,0.08825984597206116
2025-03-07 02:06:45.082245,320,240,20,20,8.159927887575758,-0.0026616270188242197,-0.009054767899215221,0.0015969761880114675,0.3040061295032501,-9.169217109680176,0.10787314921617508
2025-03-07 02:06:45.117089,320,240,20,20,8.240302891393366,-0.0015969761880114675,-0.0005323254154063761,0.0005323254154063761,0.3040061295032501,-9.188830375671387,0.08825984597206116
2025-03-07 02:06:45.147652,320,240,20,20,8.371205397610902,0.0015969761880114675,-0.005324999336153269,0.0005323254154063761,0.2843928337097168,-9.169217109680176,0.08825984597206116
2025-03-07 02:06:45.177461,320,240,20,20,8.228427890829334,-0.0031956976745277643,-0.007456046529114246,0.004260348621755838,0.3040061295032501,-9.188830375671387,0.127486452460289
2025-03-07 02:06:45.207570,320,240,20,20,8.190127889010181,0.0005323254154063761,-0.010119418613612652,0.0026616270188242197,0.3040061295032501,-9.188830375671387,0.127486452460289
2025-03-07 02:06:45.245901,320,240,20,20,8.239510391355726,0.0005323254154063761,-0.003728023264557123,0.0021293016616255045,0.3040061295032501,-9.169217109680176,0.08825984597206116
2025-03-07 02:06:45.284895,320,240,20,20,8.16277038771077,0.0005323254154063761,0.0,0.0021293016616255045,0.3040061295032501,-9.169217109680176,0.08825984597206116
2025-03-07 02:06:45.322290,320,240,20,20,8.211210390011548,-0.0005323254154063761,-0.004260348621755838,0.004792673978954554,0.2843928337097168,-9.188830375671387,0.08825984597206116
2025-03-07 02:06:45.353949,320,240,20,20,8.280675393310958,0.0010646508308127522,-0.0031956976745277643,0.003728023264557123,0.3040061295032501,-9.169217109680176,0.10787314921617508
2025-03-07 02:06:45.384270,320,240,20,20,8.229740390891674,-0.003728023264557123,-0.004792673978954554,0.0021293016616255045,0.3040061295032501,-9.169217109680176,0.10787314921617508
2025-03-07 02:06:45.413990,320,240,20,20,8.244780391606037,-0.0026616270188242197,-0.009054767899215221,0.0015969761880114675,0.3040061295032501,-9.169217109680176,0.10787314921617508
2025-03-07 02:06:45.443232,320,240,20,20,8.114017885395151,-0.0031956976745277643,-0.004260348621755838,0.0015969761880114675,0.2843928337097168,-9.169217109680176,0.10787314921617508
2025-03-07 02:06:45.472824,320,240,20,20,8.265297892580566,-0.0010646508308127522,-0.003728023264557123,0.0021293016616255045,0.3040061295032501,-9.188830375671387,0.10787314921617508
2025-03-07 02:06:45.502638,320,240,20,20,8.264300392533187,0.0005323254154063761,-0.006391395349055529,0.0010646508308127522,0.3040061295032501,-9.188830375671387,0.08825984597206116
2025-03-07 02:06:45.534028,320,240,20,20,8.287272893624323,0.0021293016616255045,-0.007456046529114246,0.005324999336153269,0.3040061295032501,-9.188830375671387,0.10787314921617508
2025-03-07 02:06:45.570800,320,240,20,20,8.167385387929972,0.0005323254154063761,-0.009054767899215221,-0.0010646508308127522,0.3040061295032501,-9.188830375671387,0.127486452460289
2025-03-07 02:06:45.601580,320,240,20,20,8.224705390652526,-0.0026616270188242197,-0.007988371886312962,0.0015969761880114675,0.3040061295032501,-9.188830375671387,0.08825984597206116
2025-03-07 02:06:45.637903,320,240,20,20,8.224202890628657,-0.0015969761880114675,-0.004260348621755838,0.0021293016616255045,0.3040061295032501,-9.188830375671387,0.10787314921617508
2025-03-07 02:06:45.668383,320,240,20,20,8.261300392390694,0.0010646508308127522,-0.0005323254154063761,0.0015969761880114675,0.2843928337097168,-9.169217109680176,0.08825984597206116
2025-03-07 02:06:45.703963,320,240,20,20,8.212810390087544,0.0,-0.008520697243511677,0.0026616270188242197,0.3040061295032501,-9.188830375671387,0.10787314921617508
2025-03-07 02:06:45.734682,320,240,20,20,8.195120389247313,-0.0010646508308127522,-0.003728023264557123,0.0005323254154063761,0.3040061295032501,-9.208444595336914,0.10787314921617508
2025-03-07 02:06:45.771309,320,240,20,20,8.265025392567622,-0.0005323254154063761,-0.007456046529114246,0.0010646508308127522,0.3040061295032501,-9.188830375671387,0.127486452460289
2025-03-07 02:06:45.801753,320,240,20,20,8.166557887890667,-0.0031956976745277643,-0.007456046529114246,0.003728023264557123,0.2843928337097168,-9.169217109680176,0.10787314921617508
2025-03-07 02:06:45.841472,320,240,20,20,8.227165390769368,0.0010646508308127522,-0.010119418613612652,0.0010646508308127522,0.3040061295032501,-9.169217109680176,0.127486452460289
2025-03-07 02:06:45.881538,320,240,20,20,8.255575392118772,-0.0021293016616255045,-0.008520697243511677,0.0026616270188242197,0.3040061295032501,-9.188830375671387,0.08825984597206116
2025-03-07 02:06:45.919455,320,240,20,20,8.28495039351401,-0.0031956976745277643,-0.005859069991856813,0.0031956976745277643,0.3040061295032501,-9.169217109680176,0.10787314921617508
2025-03-07 02:06:45.957186,320,240,20,20,8.34042539614893,0.0005323254154063761,-0.005859069991856813,0.0005323254154063761,0.3040061295032501,-9.169217109680176,0.127486452460289
2025-03-07 02:06:45.991198,320,240,20,20,8.308652894639817,-0.003728023264557123,-0.005859069991856813,0.0031956976745277643,0.3040061295032501,-9.188830375671387,0.08825984597206116
2025-03-07 02:06:46.021670,320,240,20,20,8.231537890977052,-0.0005323254154063761,-0.004260348621755838,-0.0010646508308127522,0.3040061295032501,-9.188830375671387,0.10787314921617508
2025-03-07 02:06:46.051346,320,240,20,20,8.280015393279609,0.0026616270188242197,-0.0026616270188242197,0.0005323254154063761,0.3040061295032501,-9.188830375671387,0.10787314921617508
2025-03-07 02:06:46.081367,320,240,20,20,8.31959039515932,-0.005324999336153269,-0.005324999336153269,0.0021293016616255045,0.3040061295032501,-9.188830375671387,0.10787314921617508
2025-03-07 02:06:46.111433,320,240,20,20,8.218132890340348,0.0010646508308127522,-0.008520697243511677,0.003728023264557123,0.3040061295032501,-9.169217109680176,0.10787314921617508
2025-03-07 02:06:46.142226,320,240,20,20,8.176092888343556,0.0,-0.009587093256413937,0.0005323254154063761,0.3040061295032501,-9.188830375671387,0.10787314921617508
2025-03-07 02:06:46.172017,320,240,20,20,8.160527887604257,0.0005323254154063761,-0.005324999336153269,0.0,0.3040061295032501,-9.169217109680176,0.127486452460289
2025-03-07 02:06:46.201313,320,240,20,20,8.18726788887434,-0.0026616270188242197,-0.004260348621755838,0.004260348621755838,0.3040061295032501,-9.169217109680176,0.10787314921617508
2025-03-07 02:06:46.234558,320,240,20,20,8.216392890257703,0.0005323254154063761,-0.005859069991856813,0.0031956976745277643,0.3040061295032501,-9.169217109680176,0.10787314921617508
2025-03-07 02:06:46.272110,320,240,20,20,8.211995390048832,-0.004792673978954554,0.0005323254154063761,0.0015969761880114675,0.3040061295032501,-9.188830375671387,0.10787314921617508
2025-03-07 02:06:46.307638,320,240,20,20,8.20599288976373,-0.003728023264557123,-0.010119418613612652,0.004260348621755838,0.2843928337097168,-9.169217109680176,0.10787314921617508
2025-03-07 02:06:46.348329,320,240,20,20,8.246847891704238,0.0,-0.005859069991856813,0.0010646508308127522,0.3040061295032501,-9.188830375671387,0.10787314921617508
2025-03-07 02:06:46.385520,320,240,20,20,8.248637891789258,-0.0015969761880114675,-0.0005323254154063761,0.0026616270188242197,0.3040061295032501,-9.169217109680176,0.10787314921617508
2025-03-07 02:06:46.416603,320,240,20,20,8.294260393956211,-0.0005323254154063761,-0.0005323254154063761,-0.0005323254154063761,0.3040061295032501,-9.188830375671387,0.10787314921617508
2025-03-07 02:06:46.446293,320,240,20,20,8.2980203941348,0.0005323254154063761,-0.006923720706254244,0.0015969761880114675,0.3040061295032501,-9.169217109680176,0.127486452460289
2025-03-07 02:06:46.475969,320,240,20,20,8.234520391118712,-0.0021293016616255045,-0.005859069991856813,-0.0015969761880114675,0.3040061295032501,-9.188830375671387,0.10787314921617508
2025-03-07 02:06:46.505285,320,240,20,20,8.18203538862581,-0.003728023264557123,-0.004792673978954554,0.0010646508308127522,0.3040061295032501,-9.169217109680176,0.08825984597206116
2025-03-07 02:06:46.534268,320,240,20,20,8.216450390260434,-0.0010646508308127522,-0.006923720706254244,0.0010646508308127522,0.3040061295032501,-9.188830375671387,0.10787314921617508
2025-03-07 02:06:46.573146,320,240,20,20,8.341050396178616,-0.003728023264557123,-0.006391395349055529,0.0010646508308127522,0.3040061295032501,-9.169217109680176,0.10787314921617508
2025-03-07 02:06:46.603586,320,240,20,20,8.32866789559048,-0.0015969761880114675,-0.006923720706254244,0.0021293016616255045,0.2843928337097168,-9.169217109680176,0.10787314921617508
2025-03-07 02:06:46.649015,320,240,20,20,8.245712891650328,-0.004260348621755838,-0.004260348621755838,0.0031956976745277643,0.2843928337097168,-9.188830375671387,0.10787314921617508
2025-03-07 02:06:46.687365,320,240,20,20,8.219765390417887,-0.0031956976745277643,-0.003728023264557123,0.0010646508308127522,0.3040061295032501,-9.188830375671387,0.10787314921617508
2025-03-07 02:06:46.726835,320,240,20,20,8.233945391091401,-0.005859069991856813,-0.008520697243511677,0.0026616270188242197,0.3040061295032501,-9.169217109680176,0.10787314921617508
2025-03-07 02:06:46.766207,320,240,20,20,8.233455391068128,-0.0010646508308127522,-0.004792673978954554,0.0015969761880114675,0.3040061295032501,-9.188830375671387,0.08825984597206116
2025-03-07 02:06:46.804826,320,240,20,20,8.340980396175292,-0.0026616270188242197,-0.005859069991856813,0.0010646508308127522,0.3040061295032501,-9.188830375671387,0.10787314921617508
2025-03-07 02:06:46.842867,320,240,20,20,8.233435391067179,-0.0031956976745277643,-0.009587093256413937,0.004260348621755838,0.3040061295032501,-9.188830375671387,0.08825984597206116
2025-03-07 02:06:46.882721,320,240,20,20,8.21188039004337,-0.004260348621755838,-0.005324999336153269,0.0015969761880114675,0.3040061295032501,-9.169217109680176,0.10787314921617508
2025-03-07 02:06:46.922389,320,240,20,20,8.178892888476549,-0.0005323254154063761,-0.004260348621755838,0.004792673978954554,0.3040061295032501,-9.188830375671387,0.10787314921617508
2025-03-07 02:06:46.956236,320,240,20,20,8.264580392546486,-0.0005323254154063761,-0.005324999336153269,0.0005323254154063761,0.2843928337097168,-9.188830375671387,0.08825984597206116
2025-03-07 02:06:46.986185,320,240,20,20,8.237355391253368,0.0010646508308127522,-0.0021293016616255045,0.0,0.3040061295032501,-9.188830375671387,0.10787314921617508
2025-03-07 02:06:47.016064,320,240,20,20,8.201485389549635,0.0010646508308127522,-0.0031956976745277643,0.0005323254154063761,0.3040061295032501,-9.169217109680176,0.10787314921617508
2025-03-07 02:06:47.046150,320,240,20,20,8.378367897951103,0.0021293016616255045,-0.0005323254154063761,-0.0010646508308127522,0.3040061295032501,-9.188830375671387,0.10787314921617508
2025-03-07 02:06:47.075797,320,240,20,20,8.240327891394553,0.0010646508308127522,-0.0026616270188242197,0.0021293016616255045,0.3040061295032501,-9.188830375671387,0.10787314921617508
2025-03-07 02:06:47.106039,320,240,20,20,8.263490392494713,-0.004260348621755838,-0.004792673978954554,0.0005323254154063761,0.3040061295032501,-9.169217109680176,0.10787314921617508
2025-03-07 02:06:47.137751,320,240,20,20,8.244995391616248,-0.0021293016616255045,-0.0031956976745277643,0.0005323254154063761,0.3040061295032501,-9.188830375671387,0.10787314921617508
2025-03-07 02:06:47.170834,320,240,20,20,8.219617890410882,-0.0010646508308127522,-0.007456046529114246,0.0,0.3040061295032501,-9.169217109680176,0.08825984597206116
2025-03-07 02:06:47.215505,320,240,20,20,8.142420386744197,-0.004792673978954554,-0.006923720706254244,0.0,0.3040061295032501,-9.169217109680176,0.10787314921617508
2025-03-07 02:06:47.257727,320,240,20,20,8.167525387936621,0.0010646508308127522,-0.0031956976745277643,-0.0005323254154063761,0.3040061295032501,-9.188830375671387,0.127486452460289
2025-03-07 02:06:47.295426,320,240,20,20,8.1930378891484,0.0,-0.005324999336153269,0.0015969761880114675,0.32361945509910583,-9.188830375671387,0.10787314921617508
2025-03-07 02:06:47.328063,320,240,20,20,8.211680390033871,-0.0010646508308127522,-0.007988371886312962,0.004792673978954554,0.3040061295032501,-9.188830375671387,0.10787314921617508
2025-03-07 02:06:47.375097,320,240,20,20,8.25040539187321,0.0026616270188242197,-0.0026616270188242197,0.0026616270188242197,0.3040061295032501,-9.188830375671387,0.127486452460289
2025-03-07 02:06:47.414249,320,240,20,20,8.28676039359998,0.0005323254154063761,-0.005859069991856813,0.0031956976745277643,0.3040061295032501,-9.169217109680176,0.08825984597206116
2025-03-07 02:06:47.452611,320,240,20,20,8.191255389063736,-0.0005323254154063761,-0.005324999336153269,0.0015969761880114675,0.2843928337097168,-9.169217109680176,0.10787314921617508
2025-03-07 02:06:47.490958,320,240,20,20,8.222917890567624,-0.0005323254154063761,-0.006923720706254244,0.003728023264557123,0.3040061295032501,-9.188830375671387,0.10787314921617508
2025-03-07 02:06:47.530880,320,240,20,20,8.198780389421154,0.0,-0.009587093256413937,0.0021293016616255045,0.3040061295032501,-9.169217109680176,0.08825984597206116
2025-03-07 02:06:47.570242,320,240,20,20,8.355900396883953,-0.0005323254154063761,-0.004792673978954554,0.004260348621755838,0.3040061295032501,-9.169217109680176,0.08825984597206116
2025-03-07 02:06:47.608343,320,240,20,20,8.221822890515615,0.0005323254154063761,-0.005859069991856813,0.0021293016616255045,0.3040061295032501,-9.188830375671387,0.10787314921617508
2025-03-07 02:06:47.644218,320,240,20,20,8.19252038912382,-0.003728023264557123,-0.004260348621755838,0.0010646508308127522,0.2843928337097168,-9.188830375671387,0.10787314921617508
2025-03-07 02:06:47.677939,320,240,20,20,8.265922892610252,-0.0010646508308127522,-0.006391395349055529,-0.0005323254154063761,0.32361945509910583,-9.169217109680176,0.10787314921617508
2025-03-07 02:06:47.714271,320,240,20,20,8.300322894244164,-0.0026616270188242197,-0.0026616270188242197,0.0005323254154063761,0.3040061295032501,-9.188830375671387,0.10787314921617508
2025-03-07 02:06:47.744695,320,240,20,20,8.200407889498456,-0.004792673978954554,-0.007988371886312962,0.0015969761880114675,0.2843928337097168,-9.169217109680176,0.10787314921617508
2025-03-07 02:06:47.783235,320,240,20,20,8.221077890480228,-0.0026616270188242197,-0.004260348621755838,0.004792673978954554,0.3040061295032501,-9.188830375671387,0.10787314921617508
2025-03-07 02:06:47.818273,320,240,20,20,8.261490392399718,-0.0010646508308127522,-0.005324999336153269,0.0,0.32361945509910583,-9.188830375671387,0.10787314921617508
2025-03-07 02:06:47.848863,320,240,20,20,8.243260391533841,-0.0010646508308127522,-0.005324999336153269,0.0005323254154063761,0.3040061295032501,-9.188830375671387,0.10787314921617508
2025-03-07 02:06:47.879132,320,240,20,20,8.181985388623435,-0.0010646508308127522,-0.006391395349055529,0.0005323254154063761,0.3040061295032501,-9.188830375671387,0.08825984597206116
2025-03-07 02:06:47.909438,320,240,20,20,8.206542889789853,-0.0021293016616255045,-0.006391395349055529,-0.0010646508308127522,0.3040061295032501,-9.169217109680176,0.08825984597206116
2025-03-07 02:06:47.938954,320,240,20,20,8.314832894933351,-0.003728023264557123,-0.008520697243511677,-0.004792673978954554,0.2843928337097168,-9.188830375671387,0.10787314921617508
2025-03-07 02:06:47.968835,320,240,20,20,8.265882892608351,-0.004792673978954554,-0.009054767899215221,0.0005323254154063761,0.3040061295032501,-9.169217109680176,0.08825984597206116
2025-03-07 02:06:48.004238,320,240,20,20,8.24976789184293,0.0,-0.006923720706254244,0.0026616270188242197,0.3040061295032501,-9.188830375671387,0.08825984597206116
2025-03-07 02:06:48.042768,320,240,20,20,8.219942890426319,-0.003728023264557123,-0.006923720706254244,-0.0015969761880114675,0.2843928337097168,-9.188830375671387,0.127486452460289
2025-03-07 02:06:48.081621,320,240,20,20,8.270717892838002,-0.0031956976745277643,-0.006391395349055529,0.0015969761880114675,0.3040061295032501,-9.169217109680176,0.10787314921617508
2025-03-07 02:06:48.120809,320,240,20,20,8.320120395184494,-0.0026616270188242197,-0.005859069991856813,0.003728023264557123,0.3040061295032501,-9.188830375671387,0.10787314921617508
2025-03-07 02:06:48.159268,320,240,20,20,8.343562896297954,-0.0010646508308127522,-0.0015969761880114675,0.0026616270188242197,0.32361945509910583,-9.188830375671387,0.10787314921617508
2025-03-07 02:06:48.198620,320,240,20,20,8.1468353869539,0.0015969761880114675,-0.005859069991856813,0.0005323254154063761,0.2843928337097168,-9.169217109680176,0.10787314921617508
2025-03-07 02:06:48.237898,320,240,20,20,8.186352888830879,-0.0010646508308127522,-0.008520697243511677,0.003728023264557123,0.3040061295032501,-9.169217109680176,0.10787314921617508
2025-03-07 02:06:48.274534,320,240,20,20,8.239537891357031,0.0005323254154063761,-0.0031956976745277643,0.0010646508308127522,0.3040061295032501,-9.169217109680176,0.127486452460289
2025-03-07 02:06:48.315322,320,240,20,20,8.192015389099833,-0.0005323254154063761,-0.004260348621755838,0.0026616270188242197,0.3040061295032501,-9.169217109680176,0.08825984597206116
2025-03-07 02:06:48.354248,320,240,20,20,8.24332039153669,-0.0026616270188242197,-0.009054767899215221,0.003728023264557123,0.3040061295032501,-9.169217109680176,0.10787314921617508
2025-03-07 02:06:48.392804,320,240,20,20,8.316870395030127,0.0026616270188242197,-0.005324999336153269,0.0026616270188242197,0.3040061295032501,-9.188830375671387,0.10787314921617508
2025-03-07 02:06:48.432185,320,240,20,20,8.268280392722227,-0.003728023264557123,-0.005324999336153269,0.003728023264557123,0.3040061295032501,-9.188830375671387,0.10787314921617508
2025-03-07 02:06:48.470480,320,240,20,20,8.322770395310362,0.0010646508308127522,-0.005859069991856813,0.0010646508308127522,0.3040061295032501,-9.188830375671387,0.08825984597206116
2025-03-07 02:06:48.504480,320,240,20,20,8.262337892439973,0.003728023264557123,-0.005859069991856813,0.0015969761880114675,0.3040061295032501,-9.188830375671387,0.08825984597206116
2025-03-07 02:06:48.534763,320,240,20,20,8.194812889232708,-0.0005323254154063761,-0.004792673978954554,0.0010646508308127522,0.3040061295032501,-9.188830375671387,0.10787314921617508
2025-03-07 02:06:48.564276,320,240,20,20,8.273285392959952,0.0015969761880114675,-0.009587093256413937,0.0026616270188242197,0.3040061295032501,-9.169217109680176,0.08825984597206116
2025-03-07 02:06:48.594427,320,240,20,20,8.23603789119079,0.0026616270188242197,-0.004792673978954554,-0.0010646508308127522,0.3040061295032501,-9.169217109680176,0.08825984597206116
2025-03-07 02:06:48.624398,320,240,20,20,8.24367789155367,-0.0010646508308127522,-0.007456046529114246,0.005324999336153269,0.3040061295032501,-9.169217109680176,0.127486452460289
2025-03-07 02:06:48.658700,320,240,20,20,8.212225390059757,0.0010646508308127522,-0.007456046529114246,0.0026616270188242197,0.2843928337097168,-9.169217109680176,0.10787314921617508
2025-03-07 02:06:48.698589,320,240,20,20,8.297872894127796,0.0021293016616255045,-0.009054767899215221,0.0010646508308127522,0.3040061295032501,-9.188830375671387,0.08825984597206116
2025-03-07 02:06:48.738104,320,240,20,20,8.161500387650449,-0.0015969761880114675,-0.0010646508308127522,0.003728023264557123,0.3040061295032501,-9.188830375671387,0.08825984597206116
2025-03-07 02:06:48.777608,320,240,20,20,8.201755389562459,0.0010646508308127522,-0.0031956976745277643,0.004260348621755838,0.3040061295032501,-9.188830375671387,0.10787314921617508
2025-03-07 02:06:48.816513,320,240,20,20,8.232785391036305,-0.0026616270188242197,-0.004260348621755838,0.0,0.3040061295032501,-9.169217109680176,0.10787314921617508
2025-03-07 02:06:48.854225,320,240,20,20,8.248592891787121,-0.0021293016616255045,-0.004792673978954554,-0.0010646508308127522,0.3040061295032501,-9.188830375671387,0.08825984597206116
2025-03-07 02:06:48.891463,320,240,20,20,8.232865391040104,0.0,-0.0021293016616255045,0.003728023264557123,0.3040061295032501,-9.169217109680176,0.10787314921617508
2025-03-07 02:06:48.926746,320,240,20,20,8.218815390372765,-0.0026616270188242197,-0.005324999336153269,0.0010646508308127522,0.3040061295032501,-9.188830375671387,0.10787314921617508
2025-03-07 02:06:48.957855,320,240,20,20,8.308817894647655,-0.0031956976745277643,-0.009054767899215221,-0.0015969761880114675,0.3040061295032501,-9.188830375671387,0.10787314921617508
2025-03-07 02:06:48.988005,320,240,20,20,8.243562891548208,-0.0010646508308127522,-0.007456046529114246,0.005859069991856813,0.3040061295032501,-9.188830375671387,0.10787314921617508
2025-03-07 02:06:49.018189,320,240,20,20,8.220267890441756,-0.0015969761880114675,-0.004792673978954554,0.0031956976745277643,0.3040061295032501,-9.188830375671387,0.08825984597206116
2025-03-07 02:06:49.048078,320,240,20,20,8.223515390596003,0.0,-0.006391395349055529,0.0,0.2843928337097168,-9.188830375671387,0.10787314921617508
2025-03-07 02:06:49.078760,320,240,20,20,8.229895390899037,-0.007988371886312962,-0.005859069991856813,0.0021293016616255045,0.3040061295032501,-9.169217109680176,0.10787314921617508
2025-03-07 02:06:49.109022,320,240,20,20,8.303325394386775,0.0005323254154063761,-0.004792673978954554,0.0015969761880114675,0.2843928337097168,-9.188830375671387,0.10787314921617508
2025-03-07 02:06:49.138959,320,240,20,20,8.183635388701806,-0.0005323254154063761,-0.004792673978954554,0.0,0.3040061295032501,-9.188830375671387,0.10787314921617508
2025-03-07 02:06:49.168515,320,240,20,20,8.222345390540431,-0.0031956976745277643,-0.005324999336153269,0.0015969761880114675,0.3040061295032501,-9.208444595336914,0.127486452460289
2025-03-07 02:06:49.204892,320,240,20,20,8.19628038930241,-0.0015969761880114675,-0.007988371886312962,0.004792673978954554,0.2843928337097168,-9.188830375671387,0.10787314921617508
2025-03-07 02:06:49.235984,320,240,20,20,8.325825395455468,-0.0010646508308127522,-0.008520697243511677,0.0026616270188242197,0.2843928337097168,-9.169217109680176,0.10787314921617508
2025-03-07 02:06:49.270713,320,240,20,20,8.230920390947722,-0.0021293016616255045,-0.0010646508308127522,0.0010646508308127522,0.3040061295032501,-9.169217109680176,0.08825984597206116
2025-03-07 02:06:49.305440,320,240,20,20,8.312155394806178,-0.004792673978954554,-0.006391395349055529,0.0015969761880114675,0.3040061295032501,-9.188830375671387,0.10787314921617508
2025-03-07 02:06:49.336442,320,240,20,20,8.385110398271355,-0.0005323254154063761,-0.0015969761880114675,0.0015969761880114675,0.3040061295032501,-9.188830375671387,0.127486452460289
2025-03-07 02:06:49.372727,320,240,20,20,8.20535538973345,-0.0015969761880114675,-0.0021293016616255045,0.0,0.3040061295032501,-9.188830375671387,0.10787314921617508
2025-03-07 02:06:49.403998,320,240,20,20,8.194010389194592,0.0031956976745277643,-0.005324999336153269,0.0026616270188242197,0.3040061295032501,-9.169217109680176,0.08825984597206116
2025-03-07 02:06:49.436135,320,240,20,20,8.20559288974473,-0.0021293016616255045,-0.004792673978954554,0.003728023264557123,0.3040061295032501,-9.169217109680176,0.10787314921617508
2025-03-07 02:06:49.473198,320,240,20,20,8.14112038668245,-0.0005323254154063761,-0.0015969761880114675,0.0021293016616255045,0.3040061295032501,-9.188830375671387,0.08825984597206116
2025-03-07 02:06:49.504137,320,240,20,20,8.237180391245056,-0.004792673978954554,-0.004260348621755838,0.0026616270188242197,0.3040061295032501,-9.188830375671387,0.10787314921617508
2025-03-07 02:06:49.536936,320,240,20,20,8.261692892409338,-0.0026616270188242197,-0.003728023264557123,-0.0021293016616255045,0.3040061295032501,-9.188830375671387,0.08825984597206116
2025-03-07 02:06:49.570398,320,240,20,20,8.285455393537996,-0.0010646508308127522,-0.005324999336153269,0.0010646508308127522,0.3040061295032501,-9.188830375671387,0.127486452460289
2025-03-07 02:06:49.604960,320,240,20,20,8.212095390053582,0.0031956976745277643,-0.006391395349055529,0.0015969761880114675,0.3040061295032501,-9.188830375671387,0.08825984597206116
2025-03-07 02:06:49.637549,320,240,20,20,8.250400391872972,-0.0010646508308127522,-0.007456046529114246,-0.004260348621755838,0.2843928337097168,-9.188830375671387,0.10787314921617508
2025-03-07 02:06:49.671240,320,240,20,20,8.259672892313393,-0.0026616270188242197,-0.007456046529114246,0.004260348621755838,0.2843928337097168,-9.188830375671387,0.10787314921617508
2025-03-07 02:06:49.703347,320,240,20,20,8.268735392743839,-0.004260348621755838,-0.004792673978954554,0.0021293016616255045,0.3040061295032501,-9.188830375671387,0.10787314921617508
2025-03-07 02:06:49.738130,320,240,20,20,8.219067890384759,-0.003728023264557123,-0.005859069991856813,-0.0010646508308127522,0.3040061295032501,-9.188830375671387,0.10787314921617508
2025-03-07 02:06:49.771565,320,240,20,20,8.234277891107194,-0.0010646508308127522,-0.006391395349055529,0.0015969761880114675,0.2843928337097168,-9.169217109680176,0.08825984597206116
2025-03-07 02:06:49.804425,320,240,20,20,8.302985394370626,0.0,-0.006923720706254244,-0.0005323254154063761,0.32361945509910583,-9.188830375671387,0.10787314921617508
2025-03-07 02:06:49.842724,320,240,20,20,8.302210394333816,0.0026616270188242197,-0.0010646508308127522,0.0026616270188242197,0.3040061295032501,-9.169217109680176,0.08825984597206116
2025-03-07 02:06:49.879597,320,240,20,20,8.211080390005373,-0.0021293016616255045,-0.005859069991856813,0.0031956976745277643,0.3040061295032501,-9.188830375671387,0.10787314921617508
2025-03-07 02:06:49.915711,320,240,20,20,8.265552892592677,0.0026616270188242197,-0.010119418613612652,0.0015969761880114675,0.3040061295032501,-9.169217109680176,0.08825984597206116
2025-03-07 02:06:49.954235,320,240,20,20,8.304760394454934,-0.0015969761880114675,-0.009054767899215221,0.0026616270188242197,0.3040061295032501,-9.188830375671387,0.08825984597206116
2025-03-07 02:06:49.989681,320,240,20,20,8.310487894726975,-0.0005323254154063761,-0.0010646508308127522,0.004260348621755838,0.3040061295032501,-9.188830375671387,0.08825984597206116
2025-03-07 02:06:50.019500,320,240,20,20,8.264215392529149,-0.0010646508308127522,-0.004260348621755838,-0.0010646508308127522,0.3040061295032501,-9.188830375671387,0.10787314921617508
2025-03-07 02:06:50.049693,320,240,20,20,8.244717891603068,-0.0026616270188242197,-0.009587093256413937,0.0005323254154063761,0.3040061295032501,-9.188830375671387,0.08825984597206116
2025-03-07 02:06:50.079003,320,240,20,20,8.339537896106776,-0.0010646508308127522,-0.0010646508308127522,0.0005323254154063761,0.2843928337097168,-9.169217109680176,0.10787314921617508
2025-03-07 02:06:50.109099,320,240,20,20,8.201905389569584,-0.0010646508308127522,-0.010119418613612652,0.0021293016616255045,0.3040061295032501,-9.169217109680176,0.10787314921617508
2025-03-07 02:06:50.140122,320,240,20,20,8.312057894801546,-0.0021293016616255045,-0.008520697243511677,0.003728023264557123,0.3040061295032501,-9.188830375671387,0.10787314921617508
2025-03-07 02:06:50.170063,320,240,20,20,8.206192889773229,-0.0005323254154063761,-0.005324999336153269,0.0026616270188242197,0.3040061295032501,-9.169217109680176,0.10787314921617508
2025-03-07 02:06:50.209204,320,240,20,20,8.252905391991954,-0.0021293016616255045,-0.004792673978954554,0.005859069991856813,0.3040061295032501,-9.188830375671387,0.10787314921617508
2025-03-07 02:06:50.249676,320,240,20,20,8.29579039402888,-0.0005323254154063761,-0.009054767899215221,0.0021293016616255045,0.3040061295032501,-9.169217109680176,0.08825984597206116
2025-03-07 02:06:50.294127,320,240,20,20,8.29887789417553,0.0021293016616255045,-0.005859069991856813,0.0031956976745277643,0.3040061295032501,-9.188830375671387,0.08825984597206116
2025-03-07 02:06:50.332439,320,240,20,20,8.20209038957837,0.0010646508308127522,-0.007456046529114246,-0.0005323254154063761,0.3040061295032501,-9.188830375671387,0.10787314921617508
2025-03-07 02:06:50.371636,320,240,20,20,8.213262890109036,-0.0031956976745277643,-0.005324999336153269,-0.0010646508308127522,0.3040061295032501,-9.188830375671387,0.10787314921617508
2025-03-07 02:06:50.402541,320,240,20,20,8.302870394365163,0.0015969761880114675,-0.007988371886312962,0.003728023264557123,0.3040061295032501,-9.188830375671387,0.08825984597206116
2025-03-07 02:06:50.431475,320,240,20,20,8.24845539178059,-0.004260348621755838,-0.005859069991856813,0.0,0.2843928337097168,-9.188830375671387,0.10787314921617508
2025-03-07 02:06:50.460871,320,240,20,20,8.304215394429047,0.0031956976745277643,-0.006391395349055529,0.0021293016616255045,0.32361945509910583,-9.188830375671387,0.08825984597206116
2025-03-07 02:06:50.490476,320,240,20,20,8.228577890836458,-0.0021293016616255045,-0.0026616270188242197,0.003728023264557123,0.3040061295032501,-9.188830375671387,0.10787314921617508
2025-03-07 02:06:50.519747,320,240,20,20,8.121890385769074,0.0005323254154063761,-0.004260348621755838,0.004260348621755838,0.3040061295032501,-9.188830375671387,0.10787314921617508
2025-03-07 02:06:50.548997,320,240,20,20,8.252042891950987,-0.0021293016616255045,-0.009054767899215221,0.0021293016616255045,0.3040061295032501,-9.188830375671387,0.10787314921617508
2025-03-07 02:06:50.578272,320,240,20,20,8.183937888716173,-0.0015969761880114675,-0.005859069991856813,-0.0005323254154063761,0.3040061295032501,-9.188830375671387,0.10787314921617508
2025-03-07 02:06:50.607701,320,240,20,20,8.222837890563824,-0.003728023264557123,-0.010651743970811367,0.0015969761880114675,0.3040061295032501,-9.208444595336914,0.10787314921617508
2025-03-07 02:06:50.637581,320,240,20,20,8.23772789127106,-0.0015969761880114675,-0.006923720706254244,-0.0010646508308127522,0.3040061295032501,-9.188830375671387,0.10787314921617508
2025-03-07 02:06:50.669254,320,240,20,20,8.281095393330906,-0.0026616270188242197,-0.012250465340912342,0.0031956976745277643,0.3040061295032501,-9.188830375671387,0.10787314921617508
2025-03-07 02:06:50.706556,320,240,20,20,8.305710394500057,-0.0026616270188242197,-0.008520697243511677,0.0026616270188242197,0.3040061295032501,-9.188830375671387,0.10787314921617508
2025-03-07 02:06:50.737076,320,240,20,20,8.259812892320042,-0.0005323254154063761,-0.007988371886312962,0.0015969761880114675,0.3040061295032501,-9.169217109680176,0.10787314921617508
2025-03-07 02:06:50.772200,320,240,20,20,8.228540390834677,-0.0010646508308127522,-0.003728023264557123,-0.0010646508308127522,0.3040061295032501,-9.188830375671387,0.10787314921617508
2025-03-07 02:06:50.803526,320,240,20,20,8.261922892420262,0.0015969761880114675,-0.007988371886312962,-0.0015969761880114675,0.3040061295032501,-9.188830375671387,0.08825984597206116
2025-03-07 02:06:50.840805,320,240,20,20,8.229440390877425,0.0010646508308127522,-0.0015969761880114675,0.0021293016616255045,0.3040061295032501,-9.188830375671387,0.08825984597206116
2025-03-07 02:06:50.871743,320,240,20,20,8.168472887981626,-0.005324999336153269,-0.009587093256413937,0.0015969761880114675,0.3040061295032501,-9.188830375671387,0.08825984597206116
2025-03-07 02:06:50.903180,320,240,20,20,8.239245391343138,0.0031956976745277643,-0.007456046529114246,0.005324999336153269,0.3040061295032501,-9.169217109680176,0.10787314921617508
2025-03-07 02:06:50.940187,320,240,20,20,8.213680390128866,-0.0021293016616255045,-0.004260348621755838,0.004260348621755838,0.3040061295032501,-9.169217109680176,0.10787314921617508
2025-03-07 02:06:50.971225,320,240,20,20,8.208130389865255,0.0005323254154063761,-0.0031956976745277643,-0.0005323254154063761,0.3040061295032501,-9.188830375671387,0.10787314921617508
2025-03-07 02:06:51.004943,320,240,20,20,8.226537890739564,0.0015969761880114675,-0.0005323254154063761,0.0021293016616255045,0.2843928337097168,-9.169217109680176,0.10787314921617508
2025-03-07 02:06:51.038821,320,240,20,20,8.244730391603662,0.0026616270188242197,-0.007456046529114246,0.0031956976745277643,0.3040061295032501,-9.208444595336914,0.08825984597206116
2025-03-07 02:06:51.072311,320,240,20,20,8.325197895425664,0.0021293016616255045,-0.004260348621755838,0.0026616270188242197,0.3040061295032501,-9.169217109680176,0.08825984597206116
2025-03-07 02:06:51.103900,320,240,20,20,8.351237896662496,0.0,-0.008520697243511677,0.003728023264557123,0.3040061295032501,-9.188830375671387,0.127486452460289
2025-03-07 02:06:51.139310,320,240,20,20,8.22917289086472,0.0015969761880114675,-0.0031956976745277643,0.0031956976745277643,0.32361945509910583,-9.188830375671387,0.127486452460289
2025-03-07 02:06:51.170084,320,240,20,20,8.215947890236567,-0.0005323254154063761,-0.006923720706254244,-0.0010646508308127522,0.3040061295032501,-9.169217109680176,0.08825984597206116
2025-03-07 02:06:51.206959,320,240,20,20,8.334232895854802,0.0026616270188242197,-0.005324999336153269,-0.0005323254154063761,0.3040061295032501,-9.188830375671387,0.10787314921617508
2025-03-07 02:06:51.236886,320,240,20,20,8.19681538932782,0.0015969761880114675,0.0,0.005324999336153269,0.3040061295032501,-9.169217109680176,0.08825984597206116
2025-03-07 02:06:51.277263,320,240,20,20,8.278660393215251,0.0015969761880114675,-0.006923720706254244,0.0005323254154063761,0.3040061295032501,-9.188830375671387,0.10787314921617508
2025-03-07 02:06:51.319008,320,240,20,20,8.363535397246597,-0.0010646508308127522,-0.005859069991856813,0.0005323254154063761,0.3040061295032501,-9.169217109680176,0.127486452460289
2025-03-07 02:06:51.360770,320,240,20,20,8.227752890797273,0.0,-0.008520697243511677,-0.0005323254154063761,0.3040061295032501,-9.169217109680176,0.10787314921617508
2025-03-07 02:06:51.405487,320,240,20,20,8.349507896580326,0.0,-0.007456046529114246,-0.0021293016616255045,0.2843928337097168,-9.169217109680176,0.10787314921617508
2025-03-07 02:06:51.444460,320,240,20,20,8.26220289243356,-0.0031956976745277643,-0.009054767899215221,0.004260348621755838,0.3040061295032501,-9.188830375671387,0.10787314921617508
2025-03-07 02:06:51.485687,320,240,20,20,8.170560388080776,0.0031956976745277643,-0.005859069991856813,0.0031956976745277643,0.3040061295032501,-9.188830375671387,0.10787314921617508
2025-03-07 02:06:51.524242,320,240,20,20,8.279290393245173,0.0005323254154063761,-0.003728023264557123,0.0015969761880114675,0.3040061295032501,-9.188830375671387,0.10787314921617508
2025-03-07 02:06:51.559396,320,240,20,20,8.245352891633228,0.0010646508308127522,-0.007988371886312962,0.0026616270188242197,0.3040061295032501,-9.169217109680176,0.10787314921617508
2025-03-07 02:06:51.590468,320,240,20,20,8.240062891381967,0.0010646508308127522,-0.0026616270188242197,-0.0005323254154063761,0.2843928337097168,-9.188830375671387,0.08825984597206116
2025-03-07 02:06:51.619846,320,240,20,20,8.31111539475678,0.0,-0.007988371886312962,-0.0015969761880114675,0.3040061295032501,-9.188830375671387,0.10787314921617508
2025-03-07 02:06:51.649524,320,240,20,20,8.287540393637027,-0.0005323254154063761,-0.010119418613612652,-0.0010646508308127522,0.3040061295032501,-9.188830375671387,0.08825984597206116
2025-03-07 02:06:51.679467,320,240,20,20,8.217085390290595,0.0010646508308127522,-0.005324999336153269,0.0010646508308127522,0.3040061295032501,-9.188830375671387,0.08825984597206116
2025-03-07 02:06:51.710035,320,240,20,20,8.286330393579556,-0.0026616270188242197,-0.004792673978954554,0.004792673978954554,0.3040061295032501,-9.188830375671387,0.10787314921617508
2025-03-07 02:06:51.740477,320,240,20,20,8.265595392594696,-0.0005323254154063761,-0.006391395349055529,0.0,0.3040061295032501,-9.188830375671387,0.10787314921617508
2025-03-07 02:06:51.770721,320,240,20,20,8.36245289719518,-0.0010646508308127522,-0.003728023264557123,0.0010646508308127522,0.3040061295032501,-9.188830375671387,0.08825984597206116
2025-03-07 02:06:51.804299,320,240,20,20,8.274847893034167,0.0026616270188242197,-0.007456046529114246,0.0021293016616255045,0.3040061295032501,-9.188830375671387,0.08825984597206116
2025-03-07 02:06:51.839821,320,240,20,20,8.298027894135156,-0.0026616270188242197,-0.003728023264557123,0.0010646508308127522,0.3040061295032501,-9.188830375671387,0.08825984597206116
2025-03-07 02:06:51.871186,320,240,20,20,8.361225397136877,0.0,-0.007456046529114246,-0.0010646508308127522,0.3040061295032501,-9.169217109680176,0.08825984597206116
2025-03-07 02:06:51.906513,320,240,20,20,8.253215392006677,0.0010646508308127522,-0.007456046529114246,0.003728023264557123,0.3040061295032501,-9.169217109680176,0.08825984597206116
2025-03-07 02:06:51.937852,320,240,20,20,8.2962728940518,-0.0015969761880114675,-0.009054767899215221,0.0010646508308127522,0.3040061295032501,-9.188830375671387,0.10787314921617508
2025-03-07 02:06:51.973467,320,240,20,20,8.253577892023895,-0.0005323254154063761,-0.006923720706254244,-0.003728023264557123,0.3040061295032501,-9.188830375671387,0.10787314921617508
2025-03-07 02:06:52.004470,320,240,20,20,8.394140398700255,0.0,-0.005324999336153269,0.0010646508308127522,0.32361945509910583,-9.188830375671387,0.10787314921617508
2025-03-07 02:06:52.038847,320,240,20,20,8.235550391167635,0.0005323254154063761,-0.007988371886312962,0.0,0.2843928337097168,-9.188830375671387,0.10787314921617508
2025-03-07 02:06:52.072635,320,240,20,20,8.38703039836255,-0.0021293016616255045,-0.007988371886312962,0.0026616270188242197,0.2843928337097168,-9.188830375671387,0.10787314921617508
2025-03-07 02:06:52.105934,320,240,20,20,8.19799288938375,0.0005323254154063761,-0.004792673978954554,0.0021293016616255045,0.3040061295032501,-9.208444595336914,0.10787314921617508
2025-03-07 02:06:52.138082,320,240,20,20,8.27625539310102,-0.003728023264557123,-0.011184069328010082,0.0005323254154063761,0.3040061295032501,-9.188830375671387,0.08825984597206116
2025-03-07 02:06:52.173236,320,240,20,20,8.194857889234845,-0.0010646508308127522,-0.005859069991856813,0.0031956976745277643,0.3040061295032501,-9.188830375671387,0.10787314921617508
2025-03-07 02:06:52.205052,320,240,20,20,8.308460394630675,-0.0010646508308127522,-0.010119418613612652,-0.0015969761880114675,0.3040061295032501,-9.169217109680176,0.08825984597206116
2025-03-07 02:06:52.239419,320,240,20,20,8.232547891025025,0.003728023264557123,-0.006391395349055529,0.0021293016616255045,0.3040061295032501,-9.169217109680176,0.10787314921617508
2025-03-07 02:06:52.271099,320,240,20,20,8.237915391279966,0.0021293016616255045,-0.006923720706254244,-0.0021293016616255045,0.3040061295032501,-9.169217109680176,0.10787314921617508
2025-03-07 02:06:52.308540,320,240,20,20,8.233537891072046,0.0005323254154063761,-0.005859069991856813,0.0005323254154063761,0.3040061295032501,-9.188830375671387,0.10787314921617508
2025-03-07 02:06:52.338879,320,240,20,20,8.274560393020511,0.0010646508308127522,-0.006391395349055529,0.0021293016616255045,0.3040061295032501,-9.169217109680176,0.08825984597206116
2025-03-07 02:06:52.372133,320,240,20,20,8.273390392964938,-0.004792673978954554,-0.005324999336153269,0.005324999336153269,0.2843928337097168,-9.188830375671387,0.10787314921617508
2025-03-07 02:06:52.407011,320,240,20,20,8.208762889895297,0.0005323254154063761,-0.008520697243511677,0.0031956976745277643,0.3040061295032501,-9.169217109680176,0.08825984597206116
2025-03-07 02:06:52.437673,320,240,20,20,8.17721538839687,0.0015969761880114675,-0.005324999336153269,0.0010646508308127522,0.3040061295032501,-9.188830375671387,0.10787314921617508
2025-03-07 02:06:52.473283,320,240,20,20,8.276617893118237,-0.0015969761880114675,-0.006923720706254244,0.0015969761880114675,0.3040061295032501,-9.188830375671387,0.08825984597206116
2025-03-07 02:06:52.505987,320,240,20,20,8.284680393501185,0.004260348621755838,-0.0021293016616255045,0.005324999336153269,0.3040061295032501,-9.188830375671387,0.08825984597206116
2025-03-07 02:06:52.540529,320,240,20,20,8.332250395760639,-0.004792673978954554,-0.007456046529114246,0.004792673978954554,0.32361945509910583,-9.169217109680176,0.10787314921617508
2025-03-07 02:06:52.571055,320,240,20,20,8.279007893231755,-0.0031956976745277643,-0.004260348621755838,0.004792673978954554,0.3040061295032501,-9.188830375671387,0.10787314921617508
2025-03-07 02:06:52.606504,320,240,20,20,8.224462890641007,0.0015969761880114675,0.0010646508308127522,-0.0010646508308127522,0.3040061295032501,-9.169217109680176,0.10787314921617508
2025-03-07 02:06:52.639385,320,240,20,20,8.262315392438904,0.0031956976745277643,-0.009054767899215221,-0.0031956976745277643,0.3040061295032501,-9.188830375671387,0.10787314921617508
2025-03-07 02:06:52.672323,320,240,20,20,8.266912892657274,-0.006391395349055529,-0.004792673978954554,0.0015969761880114675,0.3040061295032501,-9.188830375671387,0.10787314921617508
2025-03-07 02:06:52.704486,320,240,20,20,8.384327898234186,0.0026616270188242197,-0.006923720706254244,0.0021293016616255045,0.2843928337097168,-9.188830375671387,0.08825984597206116
2025-03-07 02:06:52.739256,320,240,20,20,8.271907892894523,0.0,-0.0026616270188242197,-0.0026616270188242197,0.3040061295032501,-9.188830375671387,0.10787314921617508
2025-03-07 02:06:52.772421,320,240,20,20,8.212312890063913,0.0005323254154063761,-0.0031956976745277643,0.0005323254154063761,0.2843928337097168,-9.188830375671387,0.10787314921617508
2025-03-07 02:06:52.805449,320,240,20,20,8.229535390881939,0.0010646508308127522,-0.003728023264557123,0.0026616270188242197,0.3040061295032501,-9.169217109680176,0.10787314921617508
2025-03-07 02:06:52.840009,320,240,20,20,8.244947891613993,-0.0031956976745277643,-0.006923720706254244,0.0026616270188242197,0.32361945509910583,-9.188830375671387,0.10787314921617508
2025-03-07 02:06:52.870809,320,240,20,20,8.250470391876297,-0.004792673978954554,-0.0021293016616255045,0.0021293016616255045,0.2843928337097168,-9.188830375671387,0.08825984597206116
2025-03-07 02:06:52.906447,320,240,20,20,8.24771539174544,-0.004260348621755838,-0.007456046529114246,0.0,0.3040061295032501,-9.169217109680176,0.127486452460289
2025-03-07 02:06:52.937423,320,240,20,20,8.275667893073114,-0.0005323254154063761,-0.010119418613612652,0.0,0.3040061295032501,-9.188830375671387,0.08825984597206116
2025-03-07 02:06:52.973805,320,240,20,20,8.279412893250992,-0.0015969761880114675,-0.006391395349055529,0.003728023264557123,0.3040061295032501,-9.188830375671387,0.08825984597206116
2025-03-07 02:06:53.003997,320,240,20,20,8.36114039713284,-0.0015969761880114675,-0.006391395349055529,0.003728023264557123,0.3040061295032501,-9.169217109680176,0.10787314921617508
2025-03-07 02:06:53.040474,320,240,20,20,8.254760392080062,-0.0015969761880114675,-0.006391395349055529,0.0031956976745277643,0.3040061295032501,-9.169217109680176,0.10787314921617508
2025-03-07 02:06:53.070652,320,240,20,20,8.244102891573856,-0.0010646508308127522,-0.0015969761880114675,0.003728023264557123,0.3040061295032501,-9.188830375671387,0.127486452460289
2025-03-07 02:06:53.107522,320,240,20,20,8.24475289160473,-0.003728023264557123,-0.007456046529114246,0.0010646508308127522,0.3040061295032501,-9.188830375671387,0.08825984597206116
2025-03-07 02:06:53.138547,320,240,20,20,8.261195392385707,-0.0026616270188242197,-0.004792673978954554,0.005859069991856813,0.32361945509910583,-9.169217109680176,0.10787314921617508
2025-03-07 02:06:53.171141,320,240,20,20,8.310632894733862,-0.0005323254154063761,-0.006391395349055529,-0.0005323254154063761,0.3040061295032501,-9.188830375671387,0.10787314921617508
2025-03-07 02:06:53.207181,320,240,20,20,8.374677897775836,-0.0021293016616255045,-0.006391395349055529,-0.0010646508308127522,0.3040061295032501,-9.188830375671387,0.10787314921617508
2025-03-07 02:06:53.237458,320,240,20,20,8.221195390485809,-0.003728023264557123,-0.005324999336153269,0.004260348621755838,0.2843928337097168,-9.188830375671387,0.08825984597206116
2025-03-07 02:06:53.272849,320,240,20,20,8.203932889665884,-0.0005323254154063761,-0.004792673978954554,0.0031956976745277643,0.3040061295032501,-9.188830375671387,0.10787314921617508
2025-03-07 02:06:53.313888,320,240,20,20,8.314050394896185,0.0,-0.005859069991856813,0.0021293016616255045,0.2843928337097168,-9.188830375671387,0.10787314921617508
2025-03-07 02:06:53.354093,320,240,20,20,8.254577892071392,-0.0015969761880114675,-0.0015969761880114675,0.0015969761880114675,0.3040061295032501,-9.188830375671387,0.10787314921617508
2025-03-07 02:06:53.384376,320,240,20,20,8.289235393717536,-0.0015969761880114675,-0.004260348621755838,0.005324999336153269,0.3040061295032501,-9.169217109680176,0.10787314921617508
2025-03-07 02:06:53.414335,320,240,20,20,8.376467897860858,0.0031956976745277643,-0.0021293016616255045,0.0005323254154063761,0.3040061295032501,-9.169217109680176,0.127486452460289
2025-03-07 02:06:53.443923,320,240,20,20,8.284547893494892,-0.0021293016616255045,-0.003728023264557123,-0.0015969761880114675,0.3040061295032501,-9.169217109680176,0.08825984597206116
2025-03-07 02:06:53.473959,320,240,20,20,8.234050391096389,-0.0031956976745277643,-0.005324999336153269,0.0010646508308127522,0.3040061295032501,-9.169217109680176,0.10787314921617508
2025-03-07 02:06:53.503756,320,240,20,20,8.292285393862404,-0.004792673978954554,-0.006391395349055529,0.006391395349055529,0.3040061295032501,-9.169217109680176,0.10787314921617508
2025-03-07 02:06:53.546345,320,240,20,20,8.27690789313201,0.0,-0.0010646508308127522,-0.0010646508308127522,0.3040061295032501,-9.188830375671387,0.10787314921617508
2025-03-07 02:06:53.586693,320,240,20,20,8.264980392565485,-0.0031956976745277643,-0.009054767899215221,0.0010646508308127522,0.3040061295032501,-9.169217109680176,0.10787314921617508
2025-03-07 02:06:53.624258,320,240,20,20,8.219470390403876,0.0010646508308127522,-0.006923720706254244,0.0026616270188242197,0.3040061295032501,-9.188830375671387,0.08825984597206116
2025-03-07 02:06:53.659313,320,240,20,20,8.236165391196845,-0.0031956976745277643,-0.003728023264557123,0.0026616270188242197,0.2843928337097168,-9.188830375671387,0.08825984597206116
2025-03-07 02:06:53.690552,320,240,20,20,8.199075389435166,-0.0031956976745277643,-0.006923720706254244,0.0015969761880114675,0.3040061295032501,-9.188830375671387,0.08825984597206116
2025-03-07 02:06:53.720862,320,240,20,20,8.245385391634773,0.0005323254154063761,-0.0015969761880114675,0.0005323254154063761,0.2843928337097168,-9.188830375671387,0.127486452460289
2025-03-07 02:06:53.750655,320,240,20,20,8.198352889400848,0.0010646508308127522,-0.006391395349055529,0.004792673978954554,0.32361945509910583,-9.188830375671387,0.10787314921617508
2025-03-07 02:06:53.780687,320,240,20,20,8.342407896243094,0.0,-0.007456046529114246,0.005859069991856813,0.2843928337097168,-9.188830375671387,0.10787314921617508
2025-03-07 02:06:53.810455,320,240,20,20,8.344912896362075,-0.0005323254154063761,-0.006391395349055529,0.003728023264557123,0.3040061295032501,-9.169217109680176,0.10787314921617508
2025-03-07 02:06:53.840242,320,240,20,20,8.261987892423349,-0.0015969761880114675,-0.0031956976745277643,0.0026616270188242197,0.32361945509910583,-9.188830375671387,0.10787314921617508
2025-03-07 02:06:53.878609,320,240,20,20,8.224957890664518,0.0010646508308127522,-0.006391395349055529,0.004260348621755838,0.2843928337097168,-9.169217109680176,0.08825984597206116
2025-03-07 02:06:53.916475,320,240,20,20,8.258847892274208,-0.0015969761880114675,-0.006923720706254244,0.0021293016616255045,0.3040061295032501,-9.169217109680176,0.10787314921617508
2025-03-07 02:06:53.954078,320,240,20,20,8.21307539010013,0.0005323254154063761,-0.0031956976745277643,0.004260348621755838,0.3040061295032501,-9.169217109680176,0.08825984597206116
2025-03-07 02:06:53.992684,320,240,20,20,8.241337891442527,-0.0005323254154063761,-0.007988371886312962,0.004792673978954554,0.32361945509910583,-9.169217109680176,0.10787314921617508
2025-03-07 02:06:54.030611,320,240,20,20,8.255607892120315,-0.0021293016616255045,-0.005859069991856813,0.0021293016616255045,0.3040061295032501,-9.188830375671387,0.10787314921617508
2025-03-07 02:06:54.068823,320,240,20,20,8.170947888099182,-0.003728023264557123,-0.004792673978954554,-0.0010646508308127522,0.3040061295032501,-9.169217109680176,0.10787314921617508
2025-03-07 02:06:54.103943,320,240,20,20,8.4110453995032,-0.003728023264557123,-0.013315116055309772,0.0015969761880114675,0.3040061295032501,-9.188830375671387,0.10787314921617508
2025-03-07 02:06:54.136285,320,240,20,20,8.27247039292124,0.0010646508308127522,-0.009587093256413937,0.0026616270188242197,0.3040061295032501,-9.169217109680176,0.10787314921617508
2025-03-07 02:06:54.166471,320,240,20,20,8.216312890253903,-0.0015969761880114675,-0.004260348621755838,0.0010646508308127522,0.3040061295032501,-9.188830375671387,0.08825984597206116
2025-03-07 02:06:54.195395,320,240,20,20,8.286740393599029,-0.0005323254154063761,-0.006391395349055529,0.003728023264557123,0.3040061295032501,-9.169217109680176,0.10787314921617508
2025-03-07 02:06:54.225004,320,240,20,20,8.255037892093242,-0.003728023264557123,-0.005324999336153269,0.0015969761880114675,0.3040061295032501,-9.169217109680176,0.10787314921617508
2025-03-07 02:06:54.254912,320,240,20,20,8.266890392656205,-0.007456046529114246,-0.009054767899215221,0.006923720706254244,0.3040061295032501,-9.188830375671387,0.10787314921617508
2025-03-07 02:06:54.284946,320,240,20,20,8.32474789540429,-0.004260348621755838,-0.010651743970811367,0.004792673978954554,0.3040061295032501,-9.188830375671387,0.08825984597206116
2025-03-07 02:06:54.315017,320,240,20,20,8.383125398177071,-0.0021293016616255045,-0.004792673978954554,0.0026616270188242197,0.3040061295032501,-9.188830375671387,0.08825984597206116
2025-03-07 02:06:54.358884,320,240,20,20,8.333940395840909,-0.0010646508308127522,-0.006923720706254244,0.0,0.3040061295032501,-9.188830375671387,0.10787314921617508
2025-03-07 02:06:54.402787,320,240,20,20,8.268992892756069,-0.0015969761880114675,-0.0026616270188242197,0.004260348621755838,0.3040061295032501,-9.169217109680176,0.10787314921617508
2025-03-07 02:06:54.444742,320,240,20,20,8.294157893951342,0.0005323254154063761,-0.004260348621755838,0.0,0.3040061295032501,-9.188830375671387,0.10787314921617508
2025-03-07 02:06:54.488115,320,240,20,20,8.305142894473102,0.0026616270188242197,-0.003728023264557123,0.0005323254154063761,0.3040061295032501,-9.188830375671387,0.08825984597206116
2025-03-07 02:06:54.527304,320,240,20,20,8.340095396133256,0.0010646508308127522,-0.004792673978954554,0.0031956976745277643,0.3040061295032501,-9.188830375671387,0.10787314921617508
2025-03-07 02:06:54.565759,320,240,20,20,8.27571539307537,0.0010646508308127522,-0.004792673978954554,0.0010646508308127522,0.3040061295032501,-9.188830375671387,0.10787314921617508
2025-03-07 02:06:54.601332,320,240,20,20,8.20199038957362,0.0010646508308127522,-0.006391395349055529,0.0015969761880114675,0.3040061295032501,-9.188830375671387,0.10787314921617508
2025-03-07 02:06:54.632054,320,240,20,20,8.251487891924626,-0.0005323254154063761,-0.009587093256413937,0.005324999336153269,0.3040061295032501,-9.169217109680176,0.127486452460289
2025-03-07 02:06:54.662040,320,240,20,20,8.21448789016722,-0.003728023264557123,-0.011184069328010082,0.003728023264557123,0.2843928337097168,-9.169217109680176,0.10787314921617508
2025-03-07 02:06:54.691919,320,240,20,20,8.262300392438192,0.0015969761880114675,-0.005324999336153269,0.0031956976745277643,0.3040061295032501,-9.169217109680176,0.10787314921617508
2025-03-07 02:06:54.721769,320,240,20,20,8.25818289224262,-0.0010646508308127522,-0.0010646508308127522,-0.0010646508308127522,0.3040061295032501,-9.169217109680176,0.08825984597206116
2025-03-07 02:06:54.754306,320,240,20,20,8.222070390527369,-0.0005323254154063761,-0.011718139983713627,0.0005323254154063761,0.3040061295032501,-9.188830375671387,0.10787314921617508
2025-03-07 02:06:54.796040,320,240,20,20,8.221802890514663,0.0010646508308127522,-0.009054767899215221,0.003728023264557123,0.3040061295032501,-9.188830375671387,0.10787314921617508
2025-03-07 02:06:54.836449,320,240,20,20,8.25446289206593,-0.0026616270188242197,-0.006923720706254244,0.0015969761880114675,0.2843928337097168,-9.169217109680176,0.10787314921617508
2025-03-07 02:06:54.874786,320,240,20,20,8.302825394363026,-0.0026616270188242197,-0.011184069328010082,0.0026616270188242197,0.3040061295032501,-9.169217109680176,0.10787314921617508
2025-03-07 02:06:54.908997,320,240,20,20,8.272752892934658,0.0010646508308127522,-0.009587093256413937,0.0031956976745277643,0.3040061295032501,-9.188830375671387,0.10787314921617508
2025-03-07 02:06:54.943521,320,240,20,20,8.285237893527665,-0.0010646508308127522,-0.004260348621755838,0.004260348621755838,0.3040061295032501,-9.169217109680176,0.08825984597206116
2025-03-07 02:06:54.975889,320,240,20,20,8.257762892222672,-0.0015969761880114675,-0.007456046529114246,0.0015969761880114675,0.3040061295032501,-9.169217109680176,0.10787314921617508
2025-03-07 02:06:55.006425,320,240,20,20,8.247432891732023,0.0010646508308127522,-0.007456046529114246,0.0026616270188242197,0.3040061295032501,-9.188830375671387,0.10787314921617508
2025-03-07 02:06:55.039355,320,240,20,20,8.280820393317844,0.0,-0.006391395349055529,0.0015969761880114675,0.3040061295032501,-9.169217109680176,0.10787314921617508
2025-03-07 02:06:55.073968,320,240,20,20,8.281427893346699,-0.0015969761880114675,-0.010651743970811367,-0.0015969761880114675,0.3040061295032501,-9.188830375671387,0.10787314921617508
2025-03-07 02:06:55.104411,320,240,20,20,8.234712891127856,-0.0021293016616255045,-0.009587093256413937,0.004260348621755838,0.3040061295032501,-9.169217109680176,0.10787314921617508
2025-03-07 02:06:55.143779,320,240,20,20,8.271262892863888,0.0031956976745277643,-0.005324999336153269,0.004260348621755838,0.3040061295032501,-9.188830375671387,0.10787314921617508
2025-03-07 02:06:55.184099,320,240,20,20,8.201372889544292,-0.0026616270188242197,-0.009054767899215221,0.003728023264557123,0.3040061295032501,-9.169217109680176,0.10787314921617508
2025-03-07 02:06:55.218475,320,240,20,20,8.248125391764916,0.0,-0.007988371886312962,0.0005323254154063761,0.3040061295032501,-9.169217109680176,0.08825984597206116
2025-03-07 02:06:55.250344,320,240,20,20,8.278907893227005,-0.0010646508308127522,-0.0031956976745277643,0.0021293016616255045,0.3040061295032501,-9.188830375671387,0.08825984597206116
2025-03-07 02:06:55.289512,320,240,20,20,8.256202892148576,-0.003728023264557123,-0.007988371886312962,0.0005323254154063761,0.2843928337097168,-9.188830375671387,0.10787314921617508
2025-03-07 02:06:55.328962,320,240,20,20,8.286025393565069,-0.0015969761880114675,-0.0031956976745277643,-0.0026616270188242197,0.3040061295032501,-9.169217109680176,0.10787314921617508
2025-03-07 02:06:55.372377,320,240,20,20,8.16428538778273,0.0031956976745277643,-0.005324999336153269,0.004260348621755838,0.3040061295032501,-9.188830375671387,0.08825984597206116
2025-03-07 02:06:55.413084,320,240,20,20,8.224442890640058,0.0015969761880114675,-0.010119418613612652,0.0021293016616255045,0.2843928337097168,-9.169217109680176,0.10787314921617508
2025-03-07 02:06:55.452850,320,240,20,20,8.348350396525348,-0.0026616270188242197,-0.008520697243511677,0.0026616270188242197,0.3040061295032501,-9.169217109680176,0.10787314921617508
2025-03-07 02:06:55.486628,320,240,20,20,8.21247789007175,-0.0031956976745277643,-0.006391395349055529,0.0015969761880114675,0.3040061295032501,-9.169217109680176,0.08825984597206116
2025-03-07 02:06:55.517035,320,240,20,20,8.217777890323486,0.0005323254154063761,-0.006923720706254244,0.0,0.3040061295032501,-9.188830375671387,0.08825984597206116
2025-03-07 02:06:55.545937,320,240,20,20,8.242017891474825,0.0005323254154063761,-0.005324999336153269,0.0031956976745277643,0.2843928337097168,-9.188830375671387,0.10787314921617508
2025-03-07 02:06:55.575834,320,240,20,20,8.217042890288576,-0.0015969761880114675,-0.005859069991856813,0.0031956976745277643,0.3040061295032501,-9.188830375671387,0.10787314921617508
2025-03-07 02:06:55.606245,320,240,20,20,8.302515394348301,-0.0010646508308127522,-0.003728023264557123,0.0010646508308127522,0.3040061295032501,-9.169217109680176,0.10787314921617508
2025-03-07 02:06:55.638836,320,240,20,20,8.222837890563824,-0.0031956976745277643,-0.007456046529114246,0.0010646508308127522,0.3040061295032501,-9.188830375671387,0.10787314921617508
2025-03-07 02:06:55.680578,320,240,20,20,8.202950389619218,-0.0026616270188242197,-0.007456046529114246,0.0031956976745277643,0.3040061295032501,-9.188830375671387,0.10787314921617508
2025-03-07 02:06:55.717946,320,240,20,20,8.275170393049484,0.0005323254154063761,-0.007988371886312962,0.0031956976745277643,0.3040061295032501,-9.169217109680176,0.10787314921617508
2025-03-07 02:06:55.755989,320,240,20,20,8.322902895316656,-0.004260348621755838,-0.009054767899215221,0.0,0.32361945509910583,-9.169217109680176,0.10787314921617508
2025-03-07 02:06:55.794320,320,240,20,20,8.36520039732568,-0.0021293016616255045,-0.0015969761880114675,0.005859069991856813,0.3040061295032501,-9.188830375671387,0.10787314921617508
2025-03-07 02:06:55.835255,320,240,20,20,8.305360394483433,0.0010646508308127522,-0.005324999336153269,0.0005323254154063761,0.3040061295032501,-9.188830375671387,0.08825984597206116
2025-03-07 02:06:55.874873,320,240,20,20,8.302345394340227,-0.0031956976745277643,-0.007988371886312962,0.0026616270188242197,0.3040061295032501,-9.188830375671387,0.06864655017852783
2025-03-07 02:06:55.912407,320,240,20,20,8.26095039237407,-0.007456046529114246,-0.007456046529114246,0.003728023264557123,0.3040061295032501,-9.188830375671387,0.08825984597206116
2025-03-07 02:06:55.952134,320,240,20,20,8.237425391256693,0.0010646508308127522,-0.0015969761880114675,0.0015969761880114675,0.2843928337097168,-9.188830375671387,0.08825984597206116
2025-03-07 02:06:55.990679,320,240,20,20,8.29665039406973,-0.0021293016616255045,-0.0031956976745277643,-0.0015969761880114675,0.3040061295032501,-9.169217109680176,0.10787314921617508
2025-03-07 02:06:56.024390,320,240,20,20,8.388112898413965,-0.0021293016616255045,-0.007988371886312962,0.004260348621755838,0.3040061295032501,-9.188830375671387,0.10787314921617508
2025-03-07 02:06:56.062649,320,240,20,20,8.174445388265303,-0.0015969761880114675,-0.003728023264557123,0.0021293016616255045,0.3040061295032501,-9.169217109680176,0.08825984597206116
2025-03-07 02:06:56.102116,320,240,20,20,8.28160289335501,0.0005323254154063761,-0.0031956976745277643,0.0005323254154063761,0.3040061295032501,-9.169217109680176,0.08825984597206116
2025-03-07 02:06:56.142598,320,240,20,20,8.390587898531521,0.0010646508308127522,-0.011184069328010082,-0.0010646508308127522,0.32361945509910583,-9.188830375671387,0.08825984597206116
2025-03-07 02:06:56.181733,320,240,20,20,8.413520399620756,0.0,-0.0015969761880114675,-0.0005323254154063761,0.3040061295032501,-9.169217109680176,0.10787314921617508
2025-03-07 02:06:56.220953,320,240,20,20,8.247450391732855,-0.0021293016616255045,-0.005324999336153269,0.0005323254154063761,0.3040061295032501,-9.188830375671387,0.10787314921617508
2025-03-07 02:06:56.260688,320,240,20,20,8.274630393023836,0.0,-0.0031956976745277643,-0.0005323254154063761,0.3040061295032501,-9.169217109680176,0.06864655017852783
2025-03-07 02:06:56.298837,320,240,20,20,8.181660388607998,-0.005324999336153269,-0.009587093256413937,0.0026616270188242197,0.3040061295032501,-9.188830375671387,0.08825984597206116
2025-03-07 02:06:56.334027,320,240,20,20,8.157992887483852,-0.0026616270188242197,-0.011184069328010082,0.0031956976745277643,0.2843928337097168,-9.169217109680176,0.10787314921617508
2025-03-07 02:06:56.375196,320,240,20,20,8.293195393905625,-0.0005323254154063761,-0.010119418613612652,-0.0010646508308127522,0.3040061295032501,-9.169217109680176,0.10787314921617508
2025-03-07 02:06:56.413940,320,240,20,20,8.15005538710684,-0.0005323254154063761,-0.005324999336153269,0.0010646508308127522,0.3040061295032501,-9.169217109680176,0.10787314921617508
2025-03-07 02:06:56.452805,320,240,20,20,8.341260396188591,-0.0005323254154063761,-0.0031956976745277643,0.004260348621755838,0.3040061295032501,-9.169217109680176,0.10787314921617508
2025-03-07 02:06:56.494786,320,240,20,20,8.303925394415273,0.0015969761880114675,-0.008520697243511677,0.0026616270188242197,0.3040061295032501,-9.169217109680176,0.08825984597206116
2025-03-07 02:06:56.535576,320,240,20,20,8.22826039082138,0.0005323254154063761,-0.004792673978954554,0.0015969761880114675,0.3040061295032501,-9.188830375671387,0.10787314921617508
2025-03-07 02:06:56.574426,320,240,20,20,8.274230393004837,0.0005323254154063761,-0.006391395349055529,0.003728023264557123,0.3040061295032501,-9.169217109680176,0.10787314921617508
