2025-03-07 02:21:32.925492,320,240,20,20,1.7657725838696934,-0.0021293016616255045,-0.007988371886312962,0.0015969761880114675,0.2843928337097168,-9.169217109680176,-0.10787314921617508
2025-03-07 02:21:32.969020,320,240,20,20,4.64052522041311,0.008520697243511677,-0.0026616270188242197,0.004792673978954554,0.2843928337097168,-9.169217109680176,-0.10787314921617508
2025-03-07 02:21:33.004433,320,240,20,20,4.619650219421601,0.011184069328010082,-0.004792673978954554,0.0021293016616255045,0.3040061295032501,-9.188830375671387,0.18632633984088898
2025-03-07 02:21:33.036548,320,240,20,20,4.594282718216709,0.0005323254154063761,-0.006923720706254244,0.0031956976745277643,0.2843928337097168,-9.188830375671387,0.34323275089263916
2025-03-07 02:21:33.068828,320,240,20,20,4.634930220147362,-0.007988371886312962,-0.0026616270188242197,-0.0021293016616255045,0.2843928337097168,-9.169217109680176,0.26477953791618347
2025-03-07 02:21:33.100419,320,240,20,20,4.6016202185652215,-0.011718139983713627,-0.005859069991856813,0.0026616270188242197,0.2843928337097168,-9.169217109680176,0.009806649759411812
2025-03-07 02:21:33.132078,320,240,20,20,4.607742718856025,-0.0005323254154063761,-0.011184069328010082,0.0026616270188242197,0.2843928337097168,-9.169217109680176,-0.18632633984088898
2025-03-07 02:21:33.162917,320,240,20,20,4.626047719725466,0.006391395349055529,-0.009587093256413937,0.0015969761880114675,0.3040061295032501,-9.188830375671387,-0.08825984597206116
2025-03-07 02:21:33.193406,320,240,20,20,4.634122720109008,0.008520697243511677,0.0,0.004792673978954554,0.2843928337097168,-9.188830375671387,0.2059396505355835
2025-03-07 02:21:33.223931,320,240,20,20,4.611210219020722,0.0,-0.003728023264557123,0.0015969761880114675,0.2843928337097168,-9.169217109680176,0.3040061295032501
2025-03-07 02:21:33.254525,320,240,20,20,4.666697721656237,-0.011718139983713627,-0.008520697243511677,0.005324999336153269,0.2843928337097168,-9.169217109680176,0.24516624212265015
2025-03-07 02:21:33.284646,320,240,20,20,4.662107721438224,-0.007456046529114246,-0.0031956976745277643,0.0026616270188242197,0.3040061295032501,-9.169217109680176,0.08825984597206116
2025-03-07 02:21:33.314257,320,240,20,20,4.644572720605356,-0.0026616270188242197,-0.0031956976745277643,0.0021293016616255045,0.2843928337097168,-9.149603843688965,-0.08825984597206116
2025-03-07 02:21:33.343894,320,240,20,20,4.628952719863446,0.004792673978954554,-0.005859069991856813,0.003728023264557123,0.2843928337097168,-9.169217109680176,-0.04903324693441391
2025-03-07 02:21:33.375965,320,240,20,20,4.602277718596452,0.009587093256413937,-0.007988371886312962,0.0015969761880114675,0.3040061295032501,-9.169217109680176,0.16671304404735565
2025-03-07 02:21:33.414603,320,240,20,20,4.617312719310576,0.0031956976745277643,-0.007456046529114246,0.0026616270188242197,0.2843928337097168,-9.188830375671387,0.34323275089263916
2025-03-07 02:21:33.444658,320,240,20,20,4.677167722153536,-0.009587093256413937,-0.006923720706254244,0.0010646508308127522,0.2843928337097168,-9.188830375671387,0.26477953791618347
2025-03-07 02:21:33.477610,320,240,20,20,4.650997720910527,-0.007988371886312962,-0.003728023264557123,0.0010646508308127522,0.2843928337097168,-9.169217109680176,-0.009806649759411812
2025-03-07 02:21:33.512933,320,240,20,20,4.604930218722439,-0.0005323254154063761,-0.005859069991856813,0.0026616270188242197,0.3040061295032501,-9.169217109680176,-0.14709974825382233
2025-03-07 02:21:33.542823,320,240,20,20,4.588255217930419,0.006391395349055529,-0.003728023264557123,0.0,0.3040061295032501,-9.169217109680176,-0.04903324693441391
2025-03-07 02:21:33.579829,320,240,20,20,4.621635219515883,0.007456046529114246,-0.004260348621755838,0.004260348621755838,0.2843928337097168,-9.188830375671387,0.14709974825382233
2025-03-07 02:21:33.609967,320,240,20,20,4.632922720052011,0.0,-0.0026616270188242197,0.0026616270188242197,0.2843928337097168,-9.169217109680176,0.26477953791618347
2025-03-07 02:21:33.647852,320,240,20,20,4.643617720559996,-0.007456046529114246,-0.007988371886312962,-0.0021293016616255045,0.2843928337097168,-9.169217109680176,0.26477953791618347
2025-03-07 02:21:33.677900,320,240,20,20,4.650392720881792,-0.006391395349055529,-0.004792673978954554,0.0010646508308127522,0.2843928337097168,-9.169217109680176,0.0
2025-03-07 02:21:33.711193,320,240,20,20,4.597337718361814,-0.0031956976745277643,-0.003728023264557123,0.0021293016616255045,0.2843928337097168,-9.169217109680176,-0.127486452460289
2025-03-07 02:21:33.745030,320,240,20,20,4.714552723929228,0.010119418613612652,-0.0005323254154063761,0.0026616270188242197,0.3040061295032501,-9.169217109680176,-0.04903324693441391
2025-03-07 02:21:33.778044,320,240,20,20,4.692810222896514,0.006923720706254244,-0.004260348621755838,-0.0010646508308127522,0.3040061295032501,-9.169217109680176,0.16671304404735565
2025-03-07 02:21:33.813035,320,240,20,20,4.606270218786085,-0.004260348621755838,-0.0021293016616255045,0.0010646508308127522,0.3040061295032501,-9.169217109680176,0.34323275089263916
2025-03-07 02:21:33.843191,320,240,20,20,4.6421527204904125,-0.007988371886312962,-0.004792673978954554,0.0010646508308127522,0.2843928337097168,-9.169217109680176,0.22555294632911682
2025-03-07 02:21:33.878380,320,240,20,20,4.676910222141305,-0.004260348621755838,-0.007456046529114246,0.0005323254154063761,0.2843928337097168,-9.169217109680176,-0.009806649759411812
2025-03-07 02:21:33.920030,320,240,20,20,4.626115219728672,-0.0010646508308127522,-0.005324999336153269,0.0015969761880114675,0.3040061295032501,-9.169217109680176,-0.10787314921617508
2025-03-07 02:21:33.960562,320,240,20,20,4.625020219676662,0.009054767899215221,-0.0010646508308127522,-0.0010646508308127522,0.2843928337097168,-9.169217109680176,-0.06864655017852783
2025-03-07 02:21:34.000223,320,240,20,20,4.679365222257911,0.007456046529114246,-0.0015969761880114675,0.007456046529114246,0.2843928337097168,-9.149603843688965,0.127486452460289
2025-03-07 02:21:34.038803,320,240,20,20,4.6898277227548535,-0.0026616270188242197,-0.009587093256413937,0.0015969761880114675,0.3040061295032501,-9.188830375671387,0.2843928337097168
2025-03-07 02:21:34.080408,320,240,20,20,4.625520219700411,-0.010651743970811367,-0.010651743970811367,0.003728023264557123,0.3040061295032501,-9.169217109680176,0.22555294632911682
2025-03-07 02:21:34.137043,320,240,20,20,4.637332720261474,0.0,-0.004260348621755838,-0.0005323254154063761,0.2843928337097168,-9.169217109680176,-0.14709974825382233
2025-03-07 02:21:34.199823,320,240,20,20,4.622050219535595,0.009054767899215221,-0.004792673978954554,0.0026616270188242197,0.2843928337097168,-9.169217109680176,-0.029419949278235435
2025-03-07 02:21:34.262940,320,240,20,20,4.602000218583271,0.0026616270188242197,-0.006391395349055529,0.0021293016616255045,0.2843928337097168,-9.169217109680176,0.3040061295032501
2025-03-07 02:21:34.325577,320,240,20,20,4.6563877211665385,-0.009587093256413937,-0.007456046529114246,0.0021293016616255045,0.3040061295032501,-9.149603843688965,0.009806649759411812
2025-03-07 02:21:34.387339,320,240,20,20,4.63881522033189,0.004260348621755838,-0.006391395349055529,0.0015969761880114675,0.2843928337097168,-9.169217109680176,-0.04903324693441391
2025-03-07 02:21:34.450608,320,240,20,20,4.598907718436385,0.0021293016616255045,-0.009054767899215221,0.0015969761880114675,0.3040061295032501,-9.169217109680176,0.3040061295032501
2025-03-07 02:21:34.511352,320,240,20,20,4.707797723608382,-0.008520697243511677,-0.005859069991856813,0.0021293016616255045,0.2843928337097168,-9.149603843688965,-0.009806649759411812
2025-03-07 02:21:34.561120,320,240,20,20,4.66621522163332,0.0026616270188242197,-0.005324999336153269,0.0026616270188242197,0.2843928337097168,-9.169217109680176,-0.029419949278235435
2025-03-07 02:21:34.592015,320,240,20,20,4.642915220526629,0.008520697243511677,-0.0015969761880114675,-0.0015969761880114675,0.2843928337097168,-9.149603843688965,0.18632633984088898
2025-03-07 02:21:34.644470,320,240,20,20,4.605162718733482,-0.006391395349055529,-0.004792673978954554,0.0026616270188242197,0.2843928337097168,-9.169217109680176,0.2843928337097168
2025-03-07 02:21:34.705606,320,240,20,20,4.669107721770706,-0.008520697243511677,-0.004792673978954554,0.005859069991856813,0.2843928337097168,-9.169217109680176,0.029419949278235435
2025-03-07 02:21:34.768239,320,240,20,20,4.661627721415425,-0.003728023264557123,-0.006391395349055529,0.0026616270188242197,0.2843928337097168,-9.169217109680176,-0.08825984597206116
2025-03-07 02:21:34.830403,320,240,20,20,4.648350220784778,0.009054767899215221,-0.006923720706254244,0.0031956976745277643,0.2843928337097168,-9.169217109680176,0.16671304404735565
2025-03-07 02:21:34.892113,320,240,20,20,4.651840220950544,-0.004792673978954554,-0.008520697243511677,0.0010646508308127522,0.3040061295032501,-9.169217109680176,0.2059396505355835
2025-03-07 02:21:34.937419,320,240,20,20,4.704445223449147,-0.0005323254154063761,-0.005859069991856813,0.0015969761880114675,0.2843928337097168,-9.169217109680176,-0.10787314921617508
2025-03-07 02:21:34.974132,320,240,20,20,4.660340221354272,0.006923720706254244,-0.005324999336153269,0.0021293016616255045,0.3040061295032501,-9.169217109680176,-0.009806649759411812
2025-03-07 02:21:35.013102,320,240,20,20,4.661512721409963,0.004792673978954554,0.0,-0.0005323254154063761,0.2843928337097168,-9.169217109680176,0.16671304404735565
2025-03-07 02:21:35.052117,320,240,20,20,4.652945221003028,-0.009054767899215221,-0.009587093256413937,0.004792673978954554,0.2843928337097168,-9.169217109680176,0.22555294632911682
2025-03-07 02:21:35.090193,320,240,20,20,4.6904952227865575,-0.0031956976745277643,-0.008520697243511677,0.0005323254154063761,0.3040061295032501,-9.169217109680176,-0.029419949278235435
2025-03-07 02:21:35.128987,320,240,20,20,4.637572720272874,-0.0015969761880114675,-0.003728023264557123,0.003728023264557123,0.3040061295032501,-9.149603843688965,-0.10787314921617508
2025-03-07 02:21:35.167964,320,240,20,20,4.594270218216115,0.004260348621755838,-0.005859069991856813,0.0010646508308127522,0.3040061295032501,-9.169217109680176,0.0
2025-03-07 02:21:35.206449,320,240,20,20,4.66020522134786,0.006923720706254244,-0.004260348621755838,0.005859069991856813,0.3040061295032501,-9.169217109680176,0.2059396505355835
2025-03-07 02:21:35.248665,320,240,20,20,4.700910223281244,-0.0005323254154063761,-0.006391395349055529,0.0031956976745277643,0.3040061295032501,-9.169217109680176,0.2843928337097168
2025-03-07 02:21:35.286770,320,240,20,20,4.606242718784779,-0.006391395349055529,-0.005324999336153269,0.0,0.3040061295032501,-9.169217109680176,-0.009806649759411812
2025-03-07 02:21:35.323062,320,240,20,20,4.630560219939798,0.0015969761880114675,-0.0015969761880114675,-0.0015969761880114675,0.3040061295032501,-9.169217109680176,-0.08825984597206116
2025-03-07 02:21:35.363967,320,240,20,20,4.641987720482575,0.004260348621755838,-0.005859069991856813,-0.0005323254154063761,0.3040061295032501,-9.169217109680176,-0.009806649759411812
2025-03-07 02:21:35.404708,320,240,20,20,4.613432719126285,0.006923720706254244,-0.004792673978954554,-0.0021293016616255045,0.2843928337097168,-9.169217109680176,0.14709974825382233
2025-03-07 02:21:35.455707,320,240,20,20,4.595075218254351,-0.007456046529114246,-0.013315116055309772,0.004792673978954554,0.2843928337097168,-9.169217109680176,0.26477953791618347
2025-03-07 02:21:35.499715,320,240,20,20,4.609032718917296,-0.0026616270188242197,-0.006391395349055529,0.0021293016616255045,0.3040061295032501,-9.169217109680176,-0.029419949278235435
2025-03-07 02:21:35.544272,320,240,20,20,4.631427719981002,0.0015969761880114675,-0.005859069991856813,0.0005323254154063761,0.2843928337097168,-9.169217109680176,-0.08825984597206116
2025-03-07 02:21:35.582908,320,240,20,20,4.642897720525798,0.004260348621755838,-0.003728023264557123,0.0010646508308127522,0.3040061295032501,-9.169217109680176,0.029419949278235435
2025-03-07 02:21:35.621895,320,240,20,20,4.614012719153834,-0.0031956976745277643,-0.005859069991856813,0.003728023264557123,0.2843928337097168,-9.169217109680176,0.26477953791618347
2025-03-07 02:21:35.659217,320,240,20,20,4.678630222223001,-0.005324999336153269,-0.007456046529114246,-0.0021293016616255045,0.2843928337097168,-9.149603843688965,0.18632633984088898
2025-03-07 02:21:35.692281,320,240,20,20,4.6347477201386935,-0.0010646508308127522,-0.004792673978954554,0.0,0.2843928337097168,-9.169217109680176,0.009806649759411812
2025-03-07 02:21:35.722817,320,240,20,20,4.630505219937186,0.0005323254154063761,-0.004792673978954554,0.0021293016616255045,0.3040061295032501,-9.149603843688965,-0.06864655017852783
2025-03-07 02:21:35.752619,320,240,20,20,4.6786527222240695,0.006391395349055529,-0.0026616270188242197,-0.0010646508308127522,0.2843928337097168,-9.169217109680176,-0.009806649759411812
2025-03-07 02:21:35.782154,320,240,20,20,4.627040219772607,0.004260348621755838,-0.0021293016616255045,0.0015969761880114675,0.2843928337097168,-9.169217109680176,0.2059396505355835
2025-03-07 02:21:35.816599,320,240,20,20,4.669790221803123,-0.003728023264557123,-0.004260348621755838,0.0031956976745277643,0.3040061295032501,-9.169217109680176,0.26477953791618347
2025-03-07 02:21:35.854486,320,240,20,20,4.613845219145878,-0.010119418613612652,-0.005324999336153269,0.0010646508308127522,0.3040061295032501,-9.169217109680176,0.14709974825382233
2025-03-07 02:21:35.894498,320,240,20,20,4.637665220277268,-0.007456046529114246,-0.004260348621755838,0.0015969761880114675,0.2843928337097168,-9.169217109680176,-0.029419949278235435
2025-03-07 02:21:35.934706,320,240,20,20,4.691395222829305,0.0021293016616255045,-0.006391395349055529,0.0026616270188242197,0.2843928337097168,-9.169217109680176,-0.06864655017852783
2025-03-07 02:21:35.976227,320,240,20,20,4.678102722197946,0.007456046529114246,-0.006923720706254244,0.004260348621755838,0.3040061295032501,-9.149603843688965,0.029419949278235435
2025-03-07 02:21:36.016451,320,240,20,20,4.621435219506384,0.0026616270188242197,-0.0031956976745277643,0.0031956976745277643,0.2843928337097168,-9.169217109680176,0.18632633984088898
2025-03-07 02:21:36.054767,320,240,20,20,4.592017718109128,-0.0031956976745277643,-0.011718139983713627,-0.0015969761880114675,0.2843928337097168,-9.188830375671387,0.16671304404735565
2025-03-07 02:21:36.092391,320,240,20,20,4.6334202200756405,-0.0031956976745277643,-0.0015969761880114675,0.0,0.3040061295032501,-9.169217109680176,0.009806649759411812
2025-03-07 02:21:36.132279,320,240,20,20,4.677162722153298,0.003728023264557123,-0.004260348621755838,0.003728023264557123,0.2843928337097168,-9.169217109680176,-0.06864655017852783
2025-03-07 02:21:36.169378,320,240,20,20,4.626435219743871,0.0015969761880114675,-0.005859069991856813,0.005324999336153269,0.2843928337097168,-9.169217109680176,0.029419949278235435
2025-03-07 02:21:36.208459,320,240,20,20,4.638732720327971,0.0021293016616255045,-0.005324999336153269,-0.0021293016616255045,0.3040061295032501,-9.169217109680176,0.2059396505355835
2025-03-07 02:21:36.246112,320,240,20,20,4.625865219716798,-0.0031956976745277643,-0.004792673978954554,0.0,0.2843928337097168,-9.169217109680176,0.24516624212265015
2025-03-07 02:21:36.284024,320,240,20,20,4.612672719090187,-0.009054767899215221,-0.010651743970811367,0.0,0.2843928337097168,-9.169217109680176,0.14709974825382233
2025-03-07 02:21:36.323589,320,240,20,20,4.666272721636051,0.0015969761880114675,-0.006391395349055529,0.005324999336153269,0.3040061295032501,-9.149603843688965,-0.06864655017852783
2025-03-07 02:21:36.366729,320,240,20,20,4.6515577209371255,0.004260348621755838,-0.005324999336153269,0.0026616270188242197,0.32361945509910583,-9.169217109680176,0.029419949278235435
2025-03-07 02:21:36.405914,320,240,20,20,4.753705225788872,0.004792673978954554,-0.007456046529114246,0.0010646508308127522,0.2843928337097168,-9.169217109680176,0.16671304404735565
2025-03-07 02:21:36.438022,320,240,20,20,4.596100218303036,-0.005859069991856813,-0.006923720706254244,0.004260348621755838,0.2843928337097168,-9.169217109680176,0.24516624212265015
2025-03-07 02:21:36.467839,320,240,20,20,4.657700221228879,-0.012782790698111057,-0.005324999336153269,-0.0005323254154063761,0.2843928337097168,-9.169217109680176,0.16671304404735565
2025-03-07 02:21:36.497428,320,240,20,20,4.661705221419107,-0.0026616270188242197,-0.005324999336153269,0.004792673978954554,0.3040061295032501,-9.169217109680176,-0.029419949278235435
2025-03-07 02:21:36.527433,320,240,20,20,4.686405222592294,0.0031956976745277643,-0.0031956976745277643,0.004260348621755838,0.3040061295032501,-9.169217109680176,-0.04903324693441391
2025-03-07 02:21:36.557040,320,240,20,20,4.643520220555365,0.005324999336153269,-0.006923720706254244,-0.0015969761880114675,0.2843928337097168,-9.149603843688965,0.04903324693441391
2025-03-07 02:21:36.586752,320,240,20,20,4.607842718860775,0.005859069991856813,-0.005324999336153269,0.0,0.3040061295032501,-9.169217109680176,0.2059396505355835
2025-03-07 02:21:36.616372,320,240,20,20,4.590807718051655,-0.005324999336153269,-0.005859069991856813,0.0015969761880114675,0.2843928337097168,-9.188830375671387,0.24516624212265015
2025-03-07 02:21:36.645872,320,240,20,20,4.655445221121772,-0.004260348621755838,-0.006391395349055529,0.0015969761880114675,0.2843928337097168,-9.149603843688965,0.127486452460289
2025-03-07 02:21:36.677521,320,240,20,20,4.605807718764117,-0.004260348621755838,-0.008520697243511677,0.0021293016616255045,0.26477953791618347,-9.169217109680176,-0.009806649759411812
2025-03-07 02:21:36.715514,320,240,20,20,4.654397721072018,0.0026616270188242197,-0.006391395349055529,0.004260348621755838,0.3040061295032501,-9.149603843688965,-0.04903324693441391
2025-03-07 02:21:36.746408,320,240,20,20,4.625180219684262,0.006391395349055529,-0.0015969761880114675,0.0026616270188242197,0.2843928337097168,-9.169217109680176,0.009806649759411812
2025-03-07 02:21:36.781456,320,240,20,20,4.597727718380338,-0.0005323254154063761,-0.007456046529114246,0.0031956976745277643,0.2843928337097168,-9.169217109680176,0.16671304404735565
2025-03-07 02:21:36.812407,320,240,20,20,4.599947718485782,-0.007456046529114246,-0.006391395349055529,0.0015969761880114675,0.2843928337097168,-9.188830375671387,0.22555294632911682
2025-03-07 02:21:36.848501,320,240,20,20,4.607245218832395,-0.004792673978954554,-0.005859069991856813,0.0021293016616255045,0.3040061295032501,-9.149603843688965,0.08825984597206116
2025-03-07 02:21:36.878250,320,240,20,20,4.670377721831028,-0.004792673978954554,-0.007988371886312962,0.0026616270188242197,0.2843928337097168,-9.169217109680176,-0.029419949278235435
2025-03-07 02:21:36.914996,320,240,20,20,4.623422719600785,0.004260348621755838,-0.004260348621755838,-0.0021293016616255045,0.3040061295032501,-9.149603843688965,-0.04903324693441391
2025-03-07 02:21:36.945833,320,240,20,20,4.619567719417683,0.003728023264557123,-0.005324999336153269,-0.0010646508308127522,0.2843928337097168,-9.169217109680176,0.04903324693441391
2025-03-07 02:21:36.980880,320,240,20,20,4.660587721366028,0.0021293016616255045,-0.005324999336153269,0.0,0.3040061295032501,-9.149603843688965,0.18632633984088898
2025-03-07 02:21:37.011423,320,240,20,20,4.620837719478004,-0.005324999336153269,-0.006923720706254244,0.0010646508308127522,0.2843928337097168,-9.169217109680176,0.22555294632911682
2025-03-07 02:21:37.048887,320,240,20,20,4.610292718977144,-0.008520697243511677,-0.005324999336153269,0.0010646508308127522,0.2843928337097168,-9.169217109680176,0.127486452460289
2025-03-07 02:21:37.079301,320,240,20,20,4.615525219225674,-0.007988371886312962,-0.005324999336153269,0.004792673978954554,0.3040061295032501,-9.169217109680176,0.0
2025-03-07 02:21:37.114046,320,240,20,20,4.6351477201576925,0.007456046529114246,-0.003728023264557123,0.0005323254154063761,0.3040061295032501,-9.169217109680176,-0.04903324693441391
2025-03-07 02:21:37.145888,320,240,20,20,4.6063652187905975,0.006391395349055529,-0.006391395349055529,0.005324999336153269,0.2843928337097168,-9.169217109680176,0.029419949278235435
2025-03-07 02:21:37.181080,320,240,20,20,4.623005219580955,-0.0010646508308127522,-0.006923720706254244,0.004260348621755838,0.2843928337097168,-9.188830375671387,0.2059396505355835
2025-03-07 02:21:37.212443,320,240,20,20,4.656995221195393,-0.0021293016616255045,-0.006391395349055529,0.0015969761880114675,0.2843928337097168,-9.169217109680176,0.22555294632911682
2025-03-07 02:21:37.246403,320,240,20,20,4.6465452206990445,-0.006923720706254244,-0.007988371886312962,0.0026616270188242197,0.3040061295032501,-9.169217109680176,0.08825984597206116
2025-03-07 02:21:37.282274,320,240,20,20,4.61312521911168,-0.005324999336153269,-0.007456046529114246,0.0021293016616255045,0.2843928337097168,-9.169217109680176,-0.029419949278235435
2025-03-07 02:21:37.311981,320,240,20,20,4.67548772207374,0.0015969761880114675,-0.007988371886312962,0.004260348621755838,0.2843928337097168,-9.169217109680176,-0.029419949278235435
2025-03-07 02:21:37.346385,320,240,20,20,4.639992720387818,-0.0010646508308127522,-0.005324999336153269,0.0005323254154063761,0.3040061295032501,-9.149603843688965,0.04903324693441391
2025-03-07 02:21:37.381215,320,240,20,20,4.656267721160839,-0.0015969761880114675,-0.0026616270188242197,-0.0031956976745277643,0.3040061295032501,-9.169217109680176,0.16671304404735565
2025-03-07 02:21:37.411539,320,240,20,20,4.665515221600072,-0.004260348621755838,-0.005324999336153269,-0.0010646508308127522,0.2843928337097168,-9.169217109680176,0.2059396505355835
2025-03-07 02:21:37.449997,320,240,20,20,4.656580221175682,-0.009587093256413937,-0.007456046529114246,0.004792673978954554,0.2843928337097168,-9.169217109680176,0.14709974825382233
2025-03-07 02:21:37.480289,320,240,20,20,4.73978022512747,-0.0031956976745277643,-0.006923720706254244,0.0,0.3040061295032501,-9.169217109680176,0.009806649759411812
2025-03-07 02:21:37.519469,320,240,20,20,4.615120219206437,0.0026616270188242197,-0.010651743970811367,0.0010646508308127522,0.3040061295032501,-9.169217109680176,-0.04903324693441391
2025-03-07 02:21:37.556511,320,240,20,20,4.644330220593838,0.005859069991856813,-0.004792673978954554,0.0021293016616255045,0.2843928337097168,-9.169217109680176,0.06864655017852783
2025-03-07 02:21:37.592442,320,240,20,20,4.640997720435553,0.0026616270188242197,-0.006923720706254244,-0.0010646508308127522,0.3040061295032501,-9.169217109680176,0.2059396505355835
2025-03-07 02:21:37.628573,320,240,20,20,4.631695219993707,-0.007456046529114246,-0.007456046529114246,0.0,0.2843928337097168,-9.169217109680176,0.2059396505355835
2025-03-07 02:21:37.666867,320,240,20,20,4.63969022037345,-0.007988371886312962,-0.010119418613612652,0.005324999336153269,0.2843928337097168,-9.169217109680176,0.06864655017852783
2025-03-07 02:21:37.704785,320,240,20,20,4.615422719220805,-0.0026616270188242197,-0.007456046529114246,-0.0015969761880114675,0.2843928337097168,-9.169217109680176,-0.029419949278235435
2025-03-07 02:21:37.745621,320,240,20,20,4.58005521754094,-0.0010646508308127522,-0.005859069991856813,0.004260348621755838,0.2843928337097168,-9.169217109680176,-0.029419949278235435
2025-03-07 02:21:37.785502,320,240,20,20,4.661567721412576,0.004260348621755838,-0.0021293016616255045,0.0015969761880114675,0.3040061295032501,-9.169217109680176,0.06864655017852783
2025-03-07 02:21:37.823481,320,240,20,20,4.591297718074929,-0.005324999336153269,-0.009587093256413937,-0.0010646508308127522,0.2843928337097168,-9.149603843688965,0.2059396505355835
2025-03-07 02:21:37.861224,320,240,20,20,4.630070219916524,-0.004260348621755838,-0.006391395349055529,0.0026616270188242197,0.3040061295032501,-9.169217109680176,0.14709974825382233
2025-03-07 02:21:37.898729,320,240,20,20,4.659595221318886,-0.0015969761880114675,-0.003728023264557123,0.003728023264557123,0.2843928337097168,-9.169217109680176,-0.029419949278235435
2025-03-07 02:21:37.937742,320,240,20,20,4.650430220883573,0.0010646508308127522,-0.006391395349055529,0.0010646508308127522,0.2843928337097168,-9.169217109680176,-0.009806649759411812
2025-03-07 02:21:37.978717,320,240,20,20,4.6252127196858055,0.009587093256413937,-0.004260348621755838,0.0,0.2843928337097168,-9.149603843688965,0.10787314921617508
2025-03-07 02:21:38.020481,320,240,20,20,4.6179402193403805,-0.0015969761880114675,-0.004792673978954554,0.0,0.2843928337097168,-9.149603843688965,0.2059396505355835
2025-03-07 02:21:38.061681,320,240,20,20,4.64438522059645,-0.007988371886312962,-0.005859069991856813,0.003728023264557123,0.2843928337097168,-9.169217109680176,0.08825984597206116
2025-03-07 02:21:38.105225,320,240,20,20,4.653040221007541,-0.0010646508308127522,-0.007988371886312962,0.0026616270188242197,0.26477953791618347,-9.169217109680176,-0.009806649759411812
2025-03-07 02:21:38.146039,320,240,20,20,4.583140217687469,0.0026616270188242197,-0.006391395349055529,0.0015969761880114675,0.3040061295032501,-9.149603843688965,-0.009806649759411812
2025-03-07 02:21:38.185029,320,240,20,20,4.648612720797246,0.004792673978954554,-0.0031956976745277643,0.0026616270188242197,0.2843928337097168,-9.149603843688965,0.04903324693441391
2025-03-07 02:21:38.224988,320,240,20,20,4.6351002201554365,-0.005859069991856813,-0.005324999336153269,0.0015969761880114675,0.3040061295032501,-9.169217109680176,0.2059396505355835
2025-03-07 02:21:38.262238,320,240,20,20,4.653715221039602,-0.004260348621755838,-0.007988371886312962,0.0026616270188242197,0.3040061295032501,-9.169217109680176,0.04903324693441391
2025-03-07 02:21:38.300884,320,240,20,20,4.638660220324527,-0.0026616270188242197,-0.003728023264557123,0.0026616270188242197,0.3040061295032501,-9.169217109680176,-0.029419949278235435
2025-03-07 02:21:38.340950,320,240,20,20,4.628512719842547,0.0031956976745277643,-0.0015969761880114675,0.003728023264557123,0.2843928337097168,-9.169217109680176,-0.009806649759411812
2025-03-07 02:21:38.381979,320,240,20,20,4.62824771982996,0.004792673978954554,-0.007456046529114246,0.004792673978954554,0.3040061295032501,-9.149603843688965,0.10787314921617508
2025-03-07 02:21:38.420930,320,240,20,20,4.6160302192496605,-0.0026616270188242197,-0.006391395349055529,-0.0010646508308127522,0.2843928337097168,-9.169217109680176,0.18632633984088898
2025-03-07 02:21:38.464761,320,240,20,20,4.6030802186345685,-0.007456046529114246,-0.006391395349055529,-0.0005323254154063761,0.3040061295032501,-9.169217109680176,0.06864655017852783
2025-03-07 02:21:38.504223,320,240,20,20,4.604972718724457,-0.0010646508308127522,-0.007988371886312962,0.0005323254154063761,0.3040061295032501,-9.169217109680176,-0.009806649759411812
2025-03-07 02:21:38.540006,320,240,20,20,4.654380221071188,0.004260348621755838,-0.0015969761880114675,0.0031956976745277643,0.3040061295032501,-9.169217109680176,-0.009806649759411812
2025-03-07 02:21:38.583564,320,240,20,20,4.559515216565342,0.003728023264557123,-0.0010646508308127522,0.0010646508308127522,0.2843928337097168,-9.169217109680176,0.04903324693441391
2025-03-07 02:21:38.621135,320,240,20,20,4.6433502205472905,-0.005324999336153269,-0.006923720706254244,0.0010646508308127522,0.3040061295032501,-9.149603843688965,0.16671304404735565
2025-03-07 02:21:38.655124,320,240,20,20,4.636800220236182,-0.006923720706254244,-0.005859069991856813,0.0005323254154063761,0.2843928337097168,-9.169217109680176,0.06864655017852783
2025-03-07 02:21:38.685722,320,240,20,20,4.614090219157515,-0.005324999336153269,-0.0005323254154063761,0.0026616270188242197,0.3040061295032501,-9.169217109680176,-0.009806649759411812
2025-03-07 02:21:38.715477,320,240,20,20,4.587040217872709,0.004792673978954554,-0.005859069991856813,0.003728023264557123,0.3040061295032501,-9.149603843688965,0.0
2025-03-07 02:21:38.745413,320,240,20,20,4.7026877233656705,0.0010646508308127522,-0.004792673978954554,0.0,0.2843928337097168,-9.169217109680176,0.10787314921617508
2025-03-07 02:21:38.782333,320,240,20,20,4.6543077210677435,-0.0005323254154063761,-0.009587093256413937,0.003728023264557123,0.2843928337097168,-9.169217109680176,0.18632633984088898
2025-03-07 02:21:38.812337,320,240,20,20,4.64842522078834,-0.0010646508308127522,-0.0015969761880114675,-0.0010646508308127522,0.2843928337097168,-9.169217109680176,0.18632633984088898
2025-03-07 02:21:38.851951,320,240,20,20,4.659357721307606,-0.006391395349055529,-0.007988371886312962,0.0021293016616255045,0.2843928337097168,-9.169217109680176,0.08825984597206116
2025-03-07 02:21:38.891527,320,240,20,20,4.668325221733539,-0.003728023264557123,-0.004792673978954554,0.0010646508308127522,0.2843928337097168,-9.169217109680176,0.009806649759411812
2025-03-07 02:21:38.930023,320,240,20,20,4.659040221292526,0.004260348621755838,-0.003728023264557123,0.0031956976745277643,0.3040061295032501,-9.149603843688965,-0.009806649759411812
2025-03-07 02:21:38.973663,320,240,20,20,4.621332719501515,0.003728023264557123,-0.004792673978954554,0.005324999336153269,0.2843928337097168,-9.169217109680176,0.127486452460289
2025-03-07 02:21:39.016773,320,240,20,20,4.6220227195342884,-0.0015969761880114675,-0.005859069991856813,0.0015969761880114675,0.2843928337097168,-9.169217109680176,0.2059396505355835
2025-03-07 02:21:39.059661,320,240,20,20,4.641822720474738,-0.005324999336153269,-0.004260348621755838,0.006923720706254244,0.2843928337097168,-9.169217109680176,0.04903324693441391
2025-03-07 02:21:39.102067,320,240,20,20,4.6640627215310815,-0.0021293016616255045,-0.003728023264557123,0.0005323254154063761,0.3040061295032501,-9.149603843688965,-0.009806649759411812
2025-03-07 02:21:39.139120,320,240,20,20,4.702187723341922,0.0031956976745277643,-0.005859069991856813,-0.0021293016616255045,0.3040061295032501,-9.169217109680176,0.009806649759411812
2025-03-07 02:21:39.175956,320,240,20,20,4.637282720259099,0.003728023264557123,-0.0015969761880114675,0.0010646508308127522,0.2843928337097168,-9.169217109680176,0.10787314921617508
2025-03-07 02:21:39.212634,320,240,20,20,4.638272720306122,0.0015969761880114675,-0.006923720706254244,0.004260348621755838,0.2843928337097168,-9.169217109680176,0.18632633984088898
2025-03-07 02:21:39.247584,320,240,20,20,4.696217723058362,-0.007456046529114246,-0.009054767899215221,0.0,0.2843928337097168,-9.169217109680176,0.18632633984088898
2025-03-07 02:21:39.285316,320,240,20,20,4.66028522135166,-0.005859069991856813,-0.008520697243511677,0.0031956976745277643,0.3040061295032501,-9.149603843688965,0.08825984597206116
2025-03-07 02:21:39.318516,320,240,20,20,4.654337721069169,0.0031956976745277643,-0.007988371886312962,0.0026616270188242197,0.2843928337097168,-9.169217109680176,0.009806649759411812
2025-03-07 02:21:39.348148,320,240,20,20,4.621002719485841,0.003728023264557123,-0.003728023264557123,0.0015969761880114675,0.2843928337097168,-9.188830375671387,0.127486452460289
2025-03-07 02:21:39.386005,320,240,20,20,4.673232721966633,-0.0005323254154063761,-0.003728023264557123,0.0026616270188242197,0.3040061295032501,-9.188830375671387,0.18632633984088898
2025-03-07 02:21:39.417189,320,240,20,20,4.664005221528351,-0.005324999336153269,-0.007988371886312962,0.004260348621755838,0.2843928337097168,-9.169217109680176,0.16671304404735565
2025-03-07 02:21:39.446924,320,240,20,20,4.677195222154841,-0.004792673978954554,-0.007456046529114246,0.0010646508308127522,0.3040061295032501,-9.169217109680176,0.04903324693441391
2025-03-07 02:21:39.482338,320,240,20,20,4.698025223144214,-0.0021293016616255045,-0.008520697243511677,0.0015969761880114675,0.3040061295032501,-9.149603843688965,-0.009806649759411812
2025-03-07 02:21:39.515152,320,240,20,20,4.61595021924586,0.0021293016616255045,-0.006923720706254244,0.004260348621755838,0.3040061295032501,-9.169217109680176,0.0
2025-03-07 02:21:39.547185,320,240,20,20,4.611297719024878,0.006391395349055529,-0.0031956976745277643,0.003728023264557123,0.3040061295032501,-9.149603843688965,0.08825984597206116
2025-03-07 02:21:39.581749,320,240,20,20,4.6750202220515344,-0.003728023264557123,-0.0010646508308127522,0.004792673978954554,0.3040061295032501,-9.149603843688965,0.16671304404735565
2025-03-07 02:21:39.613555,320,240,20,20,4.583387717699225,-0.0031956976745277643,-0.007456046529114246,0.004260348621755838,0.2843928337097168,-9.188830375671387,0.18632633984088898
2025-03-07 02:21:39.649448,320,240,20,20,4.68436272249528,-0.009054767899215221,-0.008520697243511677,0.0026616270188242197,0.3040061295032501,-9.169217109680176,0.029419949278235435
2025-03-07 02:21:39.679295,320,240,20,20,4.649350220832275,-0.0026616270188242197,-0.0026616270188242197,0.005324999336153269,0.3040061295032501,-9.169217109680176,-0.009806649759411812
2025-03-07 02:21:39.717475,320,240,20,20,4.623425219600904,0.0015969761880114675,-0.006923720706254244,0.004260348621755838,0.3040061295032501,-9.149603843688965,0.029419949278235435
2025-03-07 02:21:39.747455,320,240,20,20,4.681677722367749,0.006923720706254244,-0.006391395349055529,0.0005323254154063761,0.3040061295032501,-9.169217109680176,0.10787314921617508
2025-03-07 02:21:39.782009,320,240,20,20,4.632782720045361,-0.0010646508308127522,-0.007988371886312962,0.0005323254154063761,0.2843928337097168,-9.169217109680176,0.18632633984088898
2025-03-07 02:21:39.813339,320,240,20,20,4.682647722413821,-0.006391395349055529,-0.004792673978954554,0.005324999336153269,0.3040061295032501,-9.149603843688965,0.16671304404735565
2025-03-07 02:21:39.852188,320,240,20,20,4.656287721161789,-0.005324999336153269,-0.007456046529114246,0.0021293016616255045,0.3040061295032501,-9.169217109680176,0.06864655017852783
2025-03-07 02:21:39.882987,320,240,20,20,4.673810221994063,0.0026616270188242197,-0.007456046529114246,0.0010646508308127522,0.2843928337097168,-9.169217109680176,-0.009806649759411812
2025-03-07 02:21:39.913358,320,240,20,20,4.6453027206400295,0.0010646508308127522,-0.005324999336153269,0.0015969761880114675,0.3040061295032501,-9.169217109680176,0.009806649759411812
2025-03-07 02:21:39.952283,320,240,20,20,4.619242719402246,0.0015969761880114675,-0.006923720706254244,0.0005323254154063761,0.2843928337097168,-9.169217109680176,0.08825984597206116
2025-03-07 02:21:39.982403,320,240,20,20,4.640415220407886,-0.003728023264557123,-0.005859069991856813,0.0026616270188242197,0.2843928337097168,-9.149603843688965,0.18632633984088898
2025-03-07 02:21:40.013491,320,240,20,20,4.665750221611233,-0.005859069991856813,-0.009587093256413937,0.0015969761880114675,0.2843928337097168,-9.169217109680176,0.127486452460289
2025-03-07 02:21:40.050025,320,240,20,20,4.588735217953217,-0.006391395349055529,-0.005324999336153269,0.003728023264557123,0.2843928337097168,-9.169217109680176,0.029419949278235435
2025-03-07 02:21:40.080404,320,240,20,20,4.681367722353025,0.003728023264557123,-0.006923720706254244,0.0021293016616255045,0.3040061295032501,-9.169217109680176,0.0
2025-03-07 02:21:40.117724,320,240,20,20,4.573585217233631,0.003728023264557123,-0.005324999336153269,0.0,0.3040061295032501,-9.169217109680176,0.029419949278235435
2025-03-07 02:21:40.147221,320,240,20,20,4.62078521947551,0.0005323254154063761,-0.007988371886312962,0.0031956976745277643,0.3040061295032501,-9.149603843688965,0.10787314921617508
2025-03-07 02:21:40.181196,320,240,20,20,4.686082722576975,-0.0026616270188242197,-0.007988371886312962,0.0005323254154063761,0.3040061295032501,-9.169217109680176,0.18632633984088898
2025-03-07 02:21:40.216912,320,240,20,20,4.629305219880189,-0.006391395349055529,-0.007988371886312962,0.0010646508308127522,0.3040061295032501,-9.169217109680176,0.14709974825382233
2025-03-07 02:21:40.246789,320,240,20,20,4.705815223514219,-0.006391395349055529,-0.005859069991856813,0.0005323254154063761,0.3040061295032501,-9.169217109680176,0.04903324693441391
2025-03-07 02:21:40.283374,320,240,20,20,4.644535220603575,-0.0005323254154063761,-0.006923720706254244,0.0010646508308127522,0.3040061295032501,-9.149603843688965,-0.009806649759411812
2025-03-07 02:21:40.313846,320,240,20,20,4.6471652207284935,0.005859069991856813,-0.007988371886312962,0.0,0.2843928337097168,-9.169217109680176,0.0
2025-03-07 02:21:40.348680,320,240,20,20,4.654902721096005,0.0015969761880114675,-0.007456046529114246,0.0015969761880114675,0.2843928337097168,-9.188830375671387,0.14709974825382233
2025-03-07 02:21:40.381809,320,240,20,20,4.59786271838675,-0.004260348621755838,-0.009054767899215221,0.003728023264557123,0.3040061295032501,-9.169217109680176,0.14709974825382233
2025-03-07 02:21:40.414633,320,240,20,20,4.6486327207981955,-0.0031956976745277643,-0.003728023264557123,0.004260348621755838,0.2843928337097168,-9.169217109680176,0.10787314921617508
2025-03-07 02:21:40.448898,320,240,20,20,4.629770219902275,0.0,-0.005324999336153269,0.004260348621755838,0.3040061295032501,-9.169217109680176,0.029419949278235435
2025-03-07 02:21:40.481837,320,240,20,20,4.643075220534229,-0.004260348621755838,-0.005859069991856813,-0.0005323254154063761,0.3040061295032501,-9.169217109680176,-0.009806649759411812
2025-03-07 02:21:40.514098,320,240,20,20,4.6774127221651725,0.0,-0.007988371886312962,0.0026616270188242197,0.3040061295032501,-9.169217109680176,0.029419949278235435
2025-03-07 02:21:40.549189,320,240,20,20,4.674102722007956,0.0021293016616255045,-0.004260348621755838,0.0031956976745277643,0.2843928337097168,-9.169217109680176,0.127486452460289
2025-03-07 02:21:40.581426,320,240,20,20,4.62430771964282,-0.003728023264557123,-0.005859069991856813,-0.0005323254154063761,0.3040061295032501,-9.169217109680176,0.18632633984088898
2025-03-07 02:21:40.616201,320,240,20,20,4.591050218063174,-0.004260348621755838,-0.006923720706254244,-0.0015969761880114675,0.3040061295032501,-9.188830375671387,0.16671304404735565
2025-03-07 02:21:40.648116,320,240,20,20,4.627502719794575,-0.0015969761880114675,-0.010119418613612652,0.0026616270188242197,0.3040061295032501,-9.188830375671387,0.06864655017852783
2025-03-07 02:21:40.681571,320,240,20,20,4.701750223321142,-0.0026616270188242197,-0.007988371886312962,0.0031956976745277643,0.2843928337097168,-9.169217109680176,0.0
2025-03-07 02:21:40.723959,320,240,20,20,4.620572719465417,0.007456046529114246,-0.0031956976745277643,0.0005323254154063761,0.3040061295032501,-9.169217109680176,0.06864655017852783
2025-03-07 02:21:40.770782,320,240,20,20,4.6377202202798795,0.0015969761880114675,-0.0031956976745277643,0.0010646508308127522,0.2843928337097168,-9.169217109680176,0.14709974825382233
2025-03-07 02:21:40.814102,320,240,20,20,4.615202719210356,0.003728023264557123,-0.0010646508308127522,0.0026616270188242197,0.3040061295032501,-9.169217109680176,0.18632633984088898
2025-03-07 02:21:40.853763,320,240,20,20,4.640365220405511,-0.006391395349055529,-0.007988371886312962,0.004260348621755838,0.3040061295032501,-9.169217109680176,0.127486452460289
2025-03-07 02:21:40.892786,320,240,20,20,4.722930224327138,0.0,-0.004792673978954554,0.003728023264557123,0.3040061295032501,-9.169217109680176,0.0
2025-03-07 02:21:40.931290,320,240,20,20,4.601025218536961,-0.0005323254154063761,-0.007456046529114246,-0.0010646508308127522,0.2843928337097168,-9.149603843688965,0.009806649759411812
2025-03-07 02:21:40.964193,320,240,20,20,4.624482719651132,0.0031956976745277643,-0.005859069991856813,0.0005323254154063761,0.2843928337097168,-9.188830375671387,0.127486452460289
2025-03-07 02:21:40.993903,320,240,20,20,4.64579772066354,-0.004792673978954554,-0.0015969761880114675,0.0021293016616255045,0.2843928337097168,-9.169217109680176,0.16671304404735565
2025-03-07 02:21:41.023941,320,240,20,20,4.641877720477351,-0.006923720706254244,-0.009054767899215221,0.0010646508308127522,0.2843928337097168,-9.169217109680176,0.14709974825382233
2025-03-07 02:21:41.053872,320,240,20,20,4.691615222839755,-0.0015969761880114675,-0.007456046529114246,0.0,0.3040061295032501,-9.169217109680176,0.009806649759411812
2025-03-07 02:21:41.083991,320,240,20,20,4.7120902238122655,0.0021293016616255045,-0.004260348621755838,0.0015969761880114675,0.3040061295032501,-9.149603843688965,0.0
2025-03-07 02:21:41.113639,320,240,20,20,4.677995222192839,0.0021293016616255045,-0.005324999336153269,0.0010646508308127522,0.3040061295032501,-9.169217109680176,0.04903324693441391
2025-03-07 02:21:41.149228,320,240,20,20,4.692335222873953,0.0021293016616255045,-0.004792673978954554,0.004792673978954554,0.2843928337097168,-9.149603843688965,0.127486452460289
2025-03-07 02:21:41.181577,320,240,20,20,4.680572722315264,-0.003728023264557123,-0.005324999336153269,0.0005323254154063761,0.3040061295032501,-9.169217109680176,0.18632633984088898
2025-03-07 02:21:41.215529,320,240,20,20,4.599837718480558,-0.005324999336153269,-0.009054767899215221,0.0031956976745277643,0.2843928337097168,-9.149603843688965,0.10787314921617508
2025-03-07 02:21:41.249911,320,240,20,20,4.697607723124383,-0.007456046529114246,-0.007456046529114246,0.003728023264557123,0.2843928337097168,-9.169217109680176,0.04903324693441391
2025-03-07 02:21:41.280229,320,240,20,20,4.711050223762868,-0.0005323254154063761,-0.006391395349055529,0.0031956976745277643,0.2843928337097168,-9.169217109680176,0.0
2025-03-07 02:21:41.319404,320,240,20,20,4.703925223424449,0.004260348621755838,-0.009587093256413937,0.0005323254154063761,0.2843928337097168,-9.169217109680176,0.029419949278235435
2025-03-07 02:21:41.349772,320,240,20,20,4.633395220074453,-0.0010646508308127522,-0.006391395349055529,0.0,0.3040061295032501,-9.169217109680176,0.127486452460289
2025-03-07 02:21:41.380361,320,240,20,20,4.635922720194503,-0.006391395349055529,-0.006923720706254244,0.004260348621755838,0.2843928337097168,-9.169217109680176,0.16671304404735565
2025-03-07 02:21:41.417361,320,240,20,20,4.586315217838274,-0.005859069991856813,-0.006923720706254244,0.0,0.2843928337097168,-9.169217109680176,0.10787314921617508
2025-03-07 02:21:41.447517,320,240,20,20,4.668210221728077,-0.003728023264557123,-0.0021293016616255045,0.0005323254154063761,0.3040061295032501,-9.169217109680176,0.009806649759411812
2025-03-07 02:21:41.483588,320,240,20,20,4.621787719523127,-0.0021293016616255045,-0.007456046529114246,0.006923720706254244,0.2843928337097168,-9.169217109680176,-0.009806649759411812
2025-03-07 02:21:41.514153,320,240,20,20,4.6468977207157875,0.003728023264557123,-0.009054767899215221,0.008520697243511677,0.2843928337097168,-9.169217109680176,0.029419949278235435
2025-03-07 02:21:41.551796,320,240,20,20,4.6853502225421835,0.0010646508308127522,-0.0026616270188242197,0.0010646508308127522,0.3040061295032501,-9.169217109680176,0.14709974825382233
2025-03-07 02:21:41.582361,320,240,20,20,4.631415219980409,-0.0031956976745277643,-0.007988371886312962,0.0,0.3040061295032501,-9.188830375671387,0.14709974825382233
2025-03-07 02:21:41.615803,320,240,20,20,4.588342717934575,-0.006923720706254244,-0.006923720706254244,0.006923720706254244,0.2843928337097168,-9.169217109680176,0.127486452460289
2025-03-07 02:21:41.649380,320,240,20,20,4.702577723360446,-0.005859069991856813,-0.008520697243511677,0.0031956976745277643,0.2843928337097168,-9.169217109680176,0.029419949278235435
2025-03-07 02:21:41.683202,320,240,20,20,4.610782719000417,0.0010646508308127522,0.0021293016616255045,0.0,0.2843928337097168,-9.149603843688965,0.0
2025-03-07 02:21:41.715949,320,240,20,20,4.639115220346139,-0.0005323254154063761,-0.005324999336153269,0.0015969761880114675,0.3040061295032501,-9.169217109680176,0.08825984597206116
2025-03-07 02:21:41.749748,320,240,20,20,4.643832720570208,0.0010646508308127522,-0.004792673978954554,0.003728023264557123,0.3040061295032501,-9.169217109680176,0.16671304404735565
2025-03-07 02:21:41.782228,320,240,20,20,4.654787721090543,-0.0031956976745277643,-0.011184069328010082,0.0015969761880114675,0.3040061295032501,-9.169217109680176,0.14709974825382233
2025-03-07 02:21:41.818421,320,240,20,20,4.6370577202484125,-0.0005323254154063761,-0.006923720706254244,0.0021293016616255045,0.3040061295032501,-9.169217109680176,0.10787314921617508
2025-03-07 02:21:41.848316,320,240,20,20,4.591047718063055,0.0,-0.003728023264557123,-0.0010646508308127522,0.3040061295032501,-9.169217109680176,0.009806649759411812
2025-03-07 02:21:41.883903,320,240,20,20,4.621170219493797,-0.0005323254154063761,-0.004792673978954554,0.0026616270188242197,0.2843928337097168,-9.169217109680176,0.0
2025-03-07 02:21:41.915181,320,240,20,20,4.6679227217144215,0.004260348621755838,-0.005859069991856813,0.0021293016616255045,0.3040061295032501,-9.149603843688965,0.06864655017852783
2025-03-07 02:21:41.950930,320,240,20,20,4.676215222108294,0.004792673978954554,-0.004260348621755838,0.0026616270188242197,0.3040061295032501,-9.149603843688965,0.14709974825382233
2025-03-07 02:21:41.981937,320,240,20,20,4.655425221120822,-0.0021293016616255045,-0.006923720706254244,0.0,0.3040061295032501,-9.149603843688965,0.16671304404735565
2025-03-07 02:21:42.019214,320,240,20,20,4.628132719824498,-0.0031956976745277643,-0.004260348621755838,-0.0015969761880114675,0.2843928337097168,-9.149603843688965,0.10787314921617508
2025-03-07 02:21:42.049878,320,240,20,20,4.612375219076057,-0.005324999336153269,-0.010651743970811367,-0.0021293016616255045,0.3040061295032501,-9.169217109680176,0.04903324693441391
2025-03-07 02:21:42.082397,320,240,20,20,4.648390220786678,0.0,-0.009587093256413937,-0.0015969761880114675,0.2843928337097168,-9.149603843688965,0.009806649759411812
2025-03-07 02:21:42.123310,320,240,20,20,4.637090220249957,0.0,-0.005324999336153269,0.0005323254154063761,0.2843928337097168,-9.149603843688965,0.08825984597206116
2025-03-07 02:21:42.162989,320,240,20,20,4.620485219461261,0.0015969761880114675,-0.008520697243511677,0.0031956976745277643,0.3040061295032501,-9.169217109680176,0.14709974825382233
2025-03-07 02:21:42.200715,320,240,20,20,4.653055221008254,-0.004260348621755838,-0.006923720706254244,0.0031956976745277643,0.3040061295032501,-9.169217109680176,0.14709974825382233
2025-03-07 02:21:42.238031,320,240,20,20,4.651042720912665,-0.007456046529114246,-0.008520697243511677,0.004260348621755838,0.3040061295032501,-9.169217109680176,0.08825984597206116
2025-03-07 02:21:42.277944,320,240,20,20,4.64482272061723,-0.0015969761880114675,-0.007988371886312962,0.0026616270188242197,0.3040061295032501,-9.169217109680176,0.029419949278235435
2025-03-07 02:21:42.315706,320,240,20,20,4.661437721406401,0.0021293016616255045,-0.0026616270188242197,0.0031956976745277643,0.2843928337097168,-9.149603843688965,0.0
2025-03-07 02:21:42.356297,320,240,20,20,4.683702722463932,0.0026616270188242197,-0.005324999336153269,0.0026616270188242197,0.2843928337097168,-9.149603843688965,0.06864655017852783
2025-03-07 02:21:42.396422,320,240,20,20,4.679920222284272,0.0,-0.007988371886312962,0.0021293016616255045,0.3040061295032501,-9.169217109680176,0.14709974825382233
2025-03-07 02:21:42.426796,320,240,20,20,4.693367722922995,-0.006391395349055529,-0.007988371886312962,0.0015969761880114675,0.2843928337097168,-9.149603843688965,0.10787314921617508
2025-03-07 02:21:42.456485,320,240,20,20,4.603557718657248,-0.003728023264557123,-0.004260348621755838,0.0010646508308127522,0.3040061295032501,-9.169217109680176,0.009806649759411812
2025-03-07 02:21:42.486002,320,240,20,20,4.653522721030458,0.004260348621755838,-0.005859069991856813,0.0010646508308127522,0.2843928337097168,-9.188830375671387,0.029419949278235435
2025-03-07 02:21:42.515723,320,240,20,20,4.631240219972097,0.004792673978954554,-0.008520697243511677,0.0,0.3040061295032501,-9.169217109680176,0.08825984597206116
2025-03-07 02:21:42.547912,320,240,20,20,4.674130222009262,0.0015969761880114675,-0.005324999336153269,0.0026616270188242197,0.2843928337097168,-9.169217109680176,0.14709974825382233
2025-03-07 02:21:42.583520,320,240,20,20,4.608920218911953,-0.0031956976745277643,-0.005324999336153269,0.0031956976745277643,0.2843928337097168,-9.169217109680176,0.14709974825382233
2025-03-07 02:21:42.615454,320,240,20,20,4.6289377198627335,-0.0026616270188242197,-0.005324999336153269,0.0,0.2843928337097168,-9.169217109680176,0.08825984597206116
2025-03-07 02:21:42.650135,320,240,20,20,4.652050220960518,-0.0010646508308127522,-0.003728023264557123,0.0,0.3040061295032501,-9.169217109680176,0.029419949278235435
2025-03-07 02:21:42.682552,320,240,20,20,4.622295219547231,0.0026616270188242197,-0.009054767899215221,0.0026616270188242197,0.2843928337097168,-9.149603843688965,0.009806649759411812
2025-03-07 02:21:42.715500,320,240,20,20,4.632475220030756,0.0005323254154063761,-0.009587093256413937,-0.0031956976745277643,0.2843928337097168,-9.149603843688965,0.04903324693441391
2025-03-07 02:21:42.751555,320,240,20,20,4.613067719108949,0.0005323254154063761,-0.006391395349055529,0.0005323254154063761,0.2843928337097168,-9.169217109680176,0.14709974825382233
2025-03-07 02:21:42.789988,320,240,20,20,4.618722719377547,-0.004260348621755838,-0.005324999336153269,0.0026616270188242197,0.2843928337097168,-9.169217109680176,0.127486452460289
2025-03-07 02:21:42.827871,320,240,20,20,4.647382720738824,-0.0005323254154063761,-0.005859069991856813,0.0010646508308127522,0.3040061295032501,-9.169217109680176,0.06864655017852783
2025-03-07 02:21:42.865691,320,240,20,20,4.663105221485603,0.0015969761880114675,-0.004792673978954554,0.0021293016616255045,0.2843928337097168,-9.169217109680176,0.009806649759411812
2025-03-07 02:21:42.904396,320,240,20,20,4.592582718135963,0.0021293016616255045,-0.004260348621755838,0.0021293016616255045,0.2843928337097168,-9.169217109680176,0.04903324693441391
2025-03-07 02:21:42.942576,320,240,20,20,4.602827718622575,0.0031956976745277643,-0.004260348621755838,0.003728023264557123,0.3040061295032501,-9.149603843688965,0.08825984597206116
2025-03-07 02:21:42.981469,320,240,20,20,4.66854272174387,-0.0010646508308127522,-0.005859069991856813,0.0031956976745277643,0.3040061295032501,-9.169217109680176,0.14709974825382233
2025-03-07 02:21:43.018386,320,240,20,20,4.687060222623404,-0.006923720706254244,-0.008520697243511677,0.0021293016616255045,0.3040061295032501,-9.169217109680176,0.14709974825382233
2025-03-07 02:21:43.055814,320,240,20,20,4.615170219208812,-0.004792673978954554,-0.010119418613612652,0.0005323254154063761,0.2843928337097168,-9.169217109680176,0.029419949278235435
2025-03-07 02:21:43.094150,320,240,20,20,4.683502722454432,0.0031956976745277643,-0.0015969761880114675,-0.0010646508308127522,0.2843928337097168,-9.149603843688965,0.009806649759411812
2025-03-07 02:21:43.131241,320,240,20,20,4.587290217884584,-0.0005323254154063761,-0.006391395349055529,0.005324999336153269,0.2843928337097168,-9.169217109680176,0.06864655017852783
2025-03-07 02:21:43.164156,320,240,20,20,4.551170216168975,-0.0031956976745277643,-0.010119418613612652,0.0021293016616255045,0.3040061295032501,-9.169217109680176,0.16671304404735565
2025-03-07 02:21:43.202131,320,240,20,20,4.699195223199785,-0.004260348621755838,-0.005324999336153269,0.003728023264557123,0.3040061295032501,-9.169217109680176,0.14709974825382233
2025-03-07 02:21:43.241286,320,240,20,20,4.631182719969365,-0.004792673978954554,-0.009587093256413937,0.0031956976745277643,0.3040061295032501,-9.169217109680176,0.04903324693441391
2025-03-07 02:21:43.279943,320,240,20,20,4.663905221523601,-0.0010646508308127522,-0.0015969761880114675,0.0021293016616255045,0.3040061295032501,-9.188830375671387,0.009806649759411812
2025-03-07 02:21:43.318895,320,240,20,20,4.7040652234310985,0.0015969761880114675,-0.0021293016616255045,0.005324999336153269,0.3040061295032501,-9.169217109680176,0.029419949278235435
2025-03-07 02:21:43.358677,320,240,20,20,4.682505222407054,0.0015969761880114675,-0.0031956976745277643,0.004260348621755838,0.3040061295032501,-9.169217109680176,0.14709974825382233
2025-03-07 02:21:43.398294,320,240,20,20,4.586347717839817,0.0021293016616255045,-0.007988371886312962,0.0010646508308127522,0.2843928337097168,-9.169217109680176,0.14709974825382233
2025-03-07 02:21:43.437850,320,240,20,20,4.651750220946269,-0.003728023264557123,-0.003728023264557123,0.0005323254154063761,0.3040061295032501,-9.169217109680176,0.06864655017852783
2025-03-07 02:21:43.475579,320,240,20,20,4.674225222013774,0.004792673978954554,-0.0031956976745277643,0.003728023264557123,0.3040061295032501,-9.169217109680176,0.029419949278235435
2025-03-07 02:21:43.513248,320,240,20,20,4.622662719564687,0.0010646508308127522,-0.005324999336153269,0.0015969761880114675,0.3040061295032501,-9.169217109680176,0.029419949278235435
2025-03-07 02:21:43.549257,320,240,20,20,4.613465219127829,0.0,-0.0026616270188242197,0.0015969761880114675,0.3040061295032501,-9.149603843688965,0.10787314921617508
2025-03-07 02:21:43.581296,320,240,20,20,4.652597720986523,0.0010646508308127522,-0.007456046529114246,0.0015969761880114675,0.2843928337097168,-9.169217109680176,0.16671304404735565
2025-03-07 02:21:43.610983,320,240,20,20,4.653575221032952,-0.005324999336153269,-0.003728023264557123,0.0015969761880114675,0.3040061295032501,-9.149603843688965,0.14709974825382233
2025-03-07 02:21:43.651117,320,240,20,20,4.67115022186772,-0.0015969761880114675,-0.004260348621755838,-0.0026616270188242197,0.2843928337097168,-9.149603843688965,0.06864655017852783
2025-03-07 02:21:43.689650,320,240,20,20,4.687930222664727,0.0,-0.009587093256413937,0.0021293016616255045,0.2843928337097168,-9.149603843688965,0.029419949278235435
2025-03-07 02:21:43.727186,320,240,20,20,4.612405219077482,0.0031956976745277643,-0.005324999336153269,0.0005323254154063761,0.2843928337097168,-9.149603843688965,0.08825984597206116
2025-03-07 02:21:43.765215,320,240,20,20,4.601105218540761,0.0015969761880114675,-0.005324999336153269,0.0010646508308127522,0.2843928337097168,-9.169217109680176,0.14709974825382233
2025-03-07 02:21:43.803604,320,240,20,20,4.635122720156505,-0.006391395349055529,0.0005323254154063761,0.0026616270188242197,0.3040061295032501,-9.169217109680176,0.14709974825382233
2025-03-07 02:21:43.842284,320,240,20,20,4.650817720901978,-0.0005323254154063761,-0.009054767899215221,0.0015969761880114675,0.3040061295032501,-9.188830375671387,0.04903324693441391
2025-03-07 02:21:43.879852,320,240,20,20,4.674550222029211,-0.0005323254154063761,-0.0015969761880114675,0.0005323254154063761,0.2843928337097168,-9.169217109680176,0.009806649759411812
2025-03-07 02:21:43.917683,320,240,20,20,4.6486752208002144,0.0021293016616255045,-0.005859069991856813,0.0026616270188242197,0.3040061295032501,-9.149603843688965,0.029419949278235435
2025-03-07 02:21:43.954411,320,240,20,20,4.672387721926498,-0.0015969761880114675,-0.008520697243511677,0.004792673978954554,0.2843928337097168,-9.188830375671387,0.127486452460289
2025-03-07 02:21:43.994274,320,240,20,20,4.669800221803598,-0.003728023264557123,-0.007456046529114246,-0.0005323254154063761,0.3040061295032501,-9.169217109680176,0.127486452460289
2025-03-07 02:21:44.031313,320,240,20,20,4.623717719614797,-0.004792673978954554,-0.009054767899215221,0.0005323254154063761,0.3040061295032501,-9.188830375671387,0.06864655017852783
2025-03-07 02:21:44.070486,320,240,20,20,4.626115219728672,-0.0031956976745277643,-0.004792673978954554,0.0026616270188242197,0.2843928337097168,-9.169217109680176,0.009806649759411812
2025-03-07 02:21:44.112322,320,240,20,20,4.634717720137269,0.003728023264557123,0.0,0.0031956976745277643,0.2843928337097168,-9.169217109680176,0.029419949278235435
2025-03-07 02:21:44.152540,320,240,20,20,4.620495219461736,-0.0010646508308127522,-0.004260348621755838,0.0026616270188242197,0.2843928337097168,-9.149603843688965,0.08825984597206116
2025-03-07 02:21:44.188682,320,240,20,20,4.699695223223534,-0.0015969761880114675,-0.003728023264557123,0.0015969761880114675,0.2843928337097168,-9.188830375671387,0.10787314921617508
2025-03-07 02:21:44.227630,320,240,20,20,4.615425219220924,-0.0021293016616255045,-0.006923720706254244,-0.0015969761880114675,0.2843928337097168,-9.169217109680176,0.029419949278235435
2025-03-07 02:21:44.267080,320,240,20,20,4.59929521845479,-0.0005323254154063761,-0.006391395349055529,-0.0021293016616255045,0.2843928337097168,-9.169217109680176,0.029419949278235435
2025-03-07 02:21:44.305432,320,240,20,20,4.683875222472125,0.0010646508308127522,-0.005859069991856813,0.0021293016616255045,0.3040061295032501,-9.149603843688965,0.029419949278235435
2025-03-07 02:21:44.341718,320,240,20,20,4.683592722458707,0.0,-0.005324999336153269,-0.0031956976745277643,0.2843928337097168,-9.169217109680176,0.08825984597206116
2025-03-07 02:21:44.382910,320,240,20,20,4.633170220063766,-0.0021293016616255045,-0.008520697243511677,0.0026616270188242197,0.3040061295032501,-9.169217109680176,0.127486452460289
2025-03-07 02:21:44.418249,320,240,20,20,4.684625222507748,-0.0015969761880114675,-0.004260348621755838,-0.0031956976745277643,0.2843928337097168,-9.149603843688965,0.127486452460289
2025-03-07 02:21:44.448553,320,240,20,20,4.62148271950864,-0.0005323254154063761,-0.003728023264557123,0.0010646508308127522,0.2843928337097168,-9.169217109680176,0.04903324693441391
2025-03-07 02:21:44.478235,320,240,20,20,4.601337718551804,0.0026616270188242197,-0.006391395349055529,0.0010646508308127522,0.3040061295032501,-9.169217109680176,0.029419949278235435
2025-03-07 02:21:44.515281,320,240,20,20,4.652467720980349,0.0,-0.0031956976745277643,0.0010646508308127522,0.3040061295032501,-9.169217109680176,0.029419949278235435
2025-03-07 02:21:44.553897,320,240,20,20,4.6719127219039365,0.0015969761880114675,-0.005324999336153269,0.0,0.2843928337097168,-9.169217109680176,0.10787314921617508
2025-03-07 02:21:44.593146,320,240,20,20,4.628482719841122,-0.0005323254154063761,-0.006391395349055529,0.0031956976745277643,0.2843928337097168,-9.169217109680176,0.127486452460289
2025-03-07 02:21:44.631805,320,240,20,20,4.641052720438165,-0.0010646508308127522,-0.007988371886312962,0.0,0.3040061295032501,-9.169217109680176,0.04903324693441391
2025-03-07 02:21:44.670498,320,240,20,20,4.705250223487383,-0.0026616270188242197,0.0005323254154063761,0.004792673978954554,0.3040061295032501,-9.169217109680176,0.0
2025-03-07 02:21:44.709068,320,240,20,20,4.650365220880485,0.0031956976745277643,-0.007456046529114246,0.0026616270188242197,0.2843928337097168,-9.169217109680176,0.04903324693441391
2025-03-07 02:21:44.743725,320,240,20,20,4.590515218037763,-0.004260348621755838,-0.003728023264557123,0.0010646508308127522,0.2843928337097168,-9.149603843688965,0.127486452460289
2025-03-07 02:21:44.773624,320,240,20,20,4.686515222597518,-0.0010646508308127522,-0.007988371886312962,0.0026616270188242197,0.3040061295032501,-9.169217109680176,0.127486452460289
2025-03-07 02:21:44.803311,320,240,20,20,4.708710223651724,0.0026616270188242197,-0.0026616270188242197,0.003728023264557123,0.2843928337097168,-9.169217109680176,0.127486452460289
2025-03-07 02:21:44.833026,320,240,20,20,4.623442719601735,-0.009054767899215221,-0.006923720706254244,0.004260348621755838,0.2843928337097168,-9.169217109680176,0.04903324693441391
2025-03-07 02:21:44.862999,320,240,20,20,4.687580222648103,0.0,-0.006923720706254244,0.003728023264557123,0.3040061295032501,-9.169217109680176,0.009806649759411812
2025-03-07 02:21:44.893053,320,240,20,20,4.711180223769043,0.0026616270188242197,-0.0005323254154063761,-0.0010646508308127522,0.3040061295032501,-9.169217109680176,0.06864655017852783
2025-03-07 02:21:44.923224,320,240,20,20,4.652412720977736,0.0026616270188242197,-0.010119418613612652,0.0005323254154063761,0.3040061295032501,-9.169217109680176,0.127486452460289
2025-03-07 02:21:44.953186,320,240,20,20,4.628710219851928,-0.0010646508308127522,-0.007456046529114246,0.003728023264557123,0.3040061295032501,-9.169217109680176,0.14709974825382233
2025-03-07 02:21:44.982927,320,240,20,20,4.688220222678501,-0.0026616270188242197,-0.006923720706254244,-0.0005323254154063761,0.2843928337097168,-9.169217109680176,0.10787314921617508
2025-03-07 02:21:45.015991,320,240,20,20,4.6951952230097955,-0.0031956976745277643,-0.003728023264557123,0.006391395349055529,0.3040061295032501,-9.169217109680176,0.04903324693441391
2025-03-07 02:21:45.052101,320,240,20,20,4.671692721893487,-0.004260348621755838,-0.006923720706254244,0.003728023264557123,0.2843928337097168,-9.169217109680176,0.009806649759411812
2025-03-07 02:21:45.083500,320,240,20,20,4.646807720711513,0.0005323254154063761,-0.008520697243511677,0.0031956976745277643,0.3040061295032501,-9.169217109680176,0.04903324693441391
2025-03-07 02:21:45.118743,320,240,20,20,4.679117722246156,0.0015969761880114675,-0.005324999336153269,-0.0005323254154063761,0.2843928337097168,-9.169217109680176,0.10787314921617508
2025-03-07 02:21:45.149590,320,240,20,20,4.655537721126166,-0.0021293016616255045,-0.003728023264557123,0.003728023264557123,0.3040061295032501,-9.169217109680176,0.127486452460289
2025-03-07 02:21:45.185810,320,240,20,20,4.6687152217520635,-0.006923720706254244,-0.007988371886312962,0.003728023264557123,0.3040061295032501,-9.149603843688965,0.14709974825382233
2025-03-07 02:21:45.215959,320,240,20,20,4.601832718575315,-0.003728023264557123,-0.009054767899215221,-0.0026616270188242197,0.2843928337097168,-9.169217109680176,0.06864655017852783
2025-03-07 02:21:45.251082,320,240,20,20,4.700987723284925,-0.0021293016616255045,-0.006391395349055529,0.004792673978954554,0.2843928337097168,-9.169217109680176,0.04903324693441391
2025-03-07 02:21:45.283475,320,240,20,20,4.6494677208378565,0.0031956976745277643,-0.005324999336153269,0.004792673978954554,0.2843928337097168,-9.169217109680176,0.06864655017852783
2025-03-07 02:21:45.318980,320,240,20,20,4.656447721169388,0.0015969761880114675,-0.004260348621755838,0.0015969761880114675,0.2843928337097168,-9.169217109680176,0.127486452460289
2025-03-07 02:21:45.349491,320,240,20,20,4.639497720364306,-0.0005323254154063761,-0.006923720706254244,-0.0026616270188242197,0.2843928337097168,-9.149603843688965,0.14709974825382233
2025-03-07 02:21:45.384949,320,240,20,20,4.602287718596926,-0.0031956976745277643,-0.0010646508308127522,0.0026616270188242197,0.2843928337097168,-9.169217109680176,0.10787314921617508
2025-03-07 02:21:45.417310,320,240,20,20,4.681430222355994,-0.0015969761880114675,-0.006923720706254244,0.005859069991856813,0.2843928337097168,-9.169217109680176,0.04903324693441391
2025-03-07 02:21:45.451862,320,240,20,20,4.720912724231312,-0.0026616270188242197,-0.007456046529114246,-0.0005323254154063761,0.2843928337097168,-9.149603843688965,0.029419949278235435
2025-03-07 02:21:45.482945,320,240,20,20,4.637382720263849,0.005859069991856813,-0.003728023264557123,0.0010646508308127522,0.3040061295032501,-9.169217109680176,0.04903324693441391
2025-03-07 02:21:45.521975,320,240,20,20,4.686840222612955,-0.004260348621755838,-0.003728023264557123,0.0010646508308127522,0.3040061295032501,-9.169217109680176,0.127486452460289
2025-03-07 02:21:45.552526,320,240,20,20,4.570590217091376,-0.0005323254154063761,-0.0010646508308127522,-0.0031956976745277643,0.3040061295032501,-9.169217109680176,0.127486452460289
2025-03-07 02:21:45.582419,320,240,20,20,4.629030219867127,-0.005324999336153269,-0.005859069991856813,0.0005323254154063761,0.2843928337097168,-9.169217109680176,0.06864655017852783
2025-03-07 02:21:45.619955,320,240,20,20,4.61312521911168,-0.0031956976745277643,-0.007988371886312962,-0.0005323254154063761,0.3040061295032501,-9.169217109680176,0.029419949278235435
2025-03-07 02:21:45.650444,320,240,20,20,4.668207721727958,0.0015969761880114675,-0.006923720706254244,0.0021293016616255045,0.3040061295032501,-9.149603843688965,0.029419949278235435
2025-03-07 02:21:45.684565,320,240,20,20,4.711995223807753,0.0026616270188242197,-0.007456046529114246,0.0031956976745277643,0.3040061295032501,-9.169217109680176,0.06864655017852783
2025-03-07 02:21:45.716622,320,240,20,20,4.676270222110906,-0.003728023264557123,-0.004792673978954554,0.0010646508308127522,0.3040061295032501,-9.169217109680176,0.08825984597206116
2025-03-07 02:21:45.752980,320,240,20,20,4.63495522014855,-0.0005323254154063761,-0.006391395349055529,0.0026616270188242197,0.2843928337097168,-9.169217109680176,0.14709974825382233
2025-03-07 02:21:45.782915,320,240,20,20,4.6152777192139185,-0.005324999336153269,-0.005859069991856813,0.006391395349055529,0.3040061295032501,-9.169217109680176,0.08825984597206116
2025-03-07 02:21:45.819043,320,240,20,20,4.660615221367334,-0.004260348621755838,-0.005324999336153269,0.003728023264557123,0.2843928337097168,-9.149603843688965,0.04903324693441391
2025-03-07 02:21:45.850034,320,240,20,20,4.626780219760258,0.0010646508308127522,-0.007456046529114246,0.0010646508308127522,0.2843928337097168,-9.149603843688965,0.029419949278235435
2025-03-07 02:21:45.886004,320,240,20,20,4.667557721697085,0.003728023264557123,-0.009587093256413937,-0.0010646508308127522,0.3040061295032501,-9.169217109680176,0.06864655017852783
2025-03-07 02:21:45.923175,320,240,20,20,4.590467718035507,0.0015969761880114675,-0.006923720706254244,0.0005323254154063761,0.2843928337097168,-9.169217109680176,0.10787314921617508
2025-03-07 02:21:45.973127,320,240,20,20,4.634692720136082,-0.0015969761880114675,-0.003728023264557123,0.0015969761880114675,0.3040061295032501,-9.169217109680176,0.127486452460289
2025-03-07 02:21:46.017632,320,240,20,20,4.638640220323578,-0.004792673978954554,-0.003728023264557123,0.0026616270188242197,0.2843928337097168,-9.149603843688965,0.08825984597206116
2025-03-07 02:21:46.056453,320,240,20,20,4.607757718856737,-0.0010646508308127522,-0.006923720706254244,0.003728023264557123,0.3040061295032501,-9.169217109680176,0.029419949278235435
2025-03-07 02:21:46.095521,320,240,20,20,4.638540220318828,-0.003728023264557123,-0.005324999336153269,0.004260348621755838,0.2843928337097168,-9.188830375671387,0.06864655017852783
2025-03-07 02:21:46.136974,320,240,20,20,4.583705217714305,0.004792673978954554,-0.004792673978954554,0.0031956976745277643,0.3040061295032501,-9.169217109680176,0.10787314921617508
2025-03-07 02:21:46.178071,320,240,20,20,4.678170222201151,-0.005859069991856813,-0.008520697243511677,0.004792673978954554,0.2843928337097168,-9.169217109680176,0.127486452460289
2025-03-07 02:21:46.219596,320,240,20,20,4.627037719772488,-0.0031956976745277643,-0.006923720706254244,0.0021293016616255045,0.3040061295032501,-9.169217109680176,0.10787314921617508
2025-03-07 02:21:46.257980,320,240,20,20,4.644265220590751,-0.0015969761880114675,-0.006391395349055529,-0.004792673978954554,0.3040061295032501,-9.169217109680176,0.04903324693441391
2025-03-07 02:21:46.297340,320,240,20,20,4.632005220008432,0.0010646508308127522,-0.004260348621755838,0.0021293016616255045,0.3040061295032501,-9.169217109680176,0.08825984597206116
2025-03-07 02:21:46.336889,320,240,20,20,4.608042718870275,-0.0005323254154063761,-0.0031956976745277643,0.0026616270188242197,0.2843928337097168,-9.169217109680176,0.127486452460289
2025-03-07 02:21:46.378078,320,240,20,20,4.66128022139892,0.0005323254154063761,-0.010119418613612652,0.0031956976745277643,0.2843928337097168,-9.169217109680176,0.14709974825382233
2025-03-07 02:21:46.424374,320,240,20,20,4.62813021982438,-0.0026616270188242197,-0.006923720706254244,0.003728023264557123,0.3040061295032501,-9.169217109680176,0.08825984597206116
2025-03-07 02:21:46.464693,320,240,20,20,4.644335220594075,0.0,-0.004260348621755838,0.0005323254154063761,0.2843928337097168,-9.188830375671387,0.029419949278235435
2025-03-07 02:21:46.503202,320,240,20,20,4.600427718508581,-0.0010646508308127522,-0.005859069991856813,0.008520697243511677,0.3040061295032501,-9.169217109680176,0.06864655017852783
2025-03-07 02:21:46.538661,320,240,20,20,4.648202720777772,-0.0010646508308127522,-0.010651743970811367,0.0031956976745277643,0.3040061295032501,-9.169217109680176,0.127486452460289
2025-03-07 02:21:46.569438,320,240,20,20,4.665865221616696,-0.0015969761880114675,-0.007988371886312962,0.0026616270188242197,0.2843928337097168,-9.188830375671387,0.127486452460289
2025-03-07 02:21:46.599237,320,240,20,20,4.709380223683548,-0.0010646508308127522,-0.006923720706254244,0.0021293016616255045,0.3040061295032501,-9.169217109680176,0.08825984597206116
2025-03-07 02:21:46.629081,320,240,20,20,4.703210223390488,-0.003728023264557123,-0.006391395349055529,0.0031956976745277643,0.3040061295032501,-9.169217109680176,0.04903324693441391
2025-03-07 02:21:46.658889,320,240,20,20,4.646300220687408,0.0005323254154063761,-0.005324999336153269,0.005324999336153269,0.3040061295032501,-9.149603843688965,0.06864655017852783
2025-03-07 02:21:46.688815,320,240,20,20,4.670822721852164,0.0015969761880114675,-0.006923720706254244,0.0021293016616255045,0.3040061295032501,-9.169217109680176,0.10787314921617508
2025-03-07 02:21:46.718897,320,240,20,20,4.550342716129672,-0.0015969761880114675,-0.005859069991856813,-0.0005323254154063761,0.2843928337097168,-9.169217109680176,0.127486452460289
2025-03-07 02:21:46.749774,320,240,20,20,4.672852721948584,-0.004260348621755838,-0.005324999336153269,0.0026616270188242197,0.3040061295032501,-9.169217109680176,0.127486452460289
2025-03-07 02:21:46.784810,320,240,20,20,4.690415222782758,-0.004792673978954554,-0.005324999336153269,0.006391395349055529,0.3040061295032501,-9.169217109680176,0.08825984597206116
2025-03-07 02:21:46.817577,320,240,20,20,4.646602720701776,-0.0010646508308127522,-0.0005323254154063761,0.0031956976745277643,0.2843928337097168,-9.149603843688965,0.029419949278235435
2025-03-07 02:21:46.851096,320,240,20,20,4.6997152232244845,0.0005323254154063761,-0.0015969761880114675,0.0005323254154063761,0.3040061295032501,-9.169217109680176,0.029419949278235435
2025-03-07 02:21:46.885107,320,240,20,20,4.683687722463219,-0.0005323254154063761,-0.0031956976745277643,0.0015969761880114675,0.3040061295032501,-9.169217109680176,0.08825984597206116
2025-03-07 02:21:46.918048,320,240,20,20,4.666560221649706,0.0005323254154063761,-0.005324999336153269,0.0031956976745277643,0.2843928337097168,-9.169217109680176,0.10787314921617508
2025-03-07 02:21:46.950594,320,240,20,20,4.63137271997839,-0.007456046529114246,-0.004792673978954554,0.0026616270188242197,0.2843928337097168,-9.169217109680176,0.10787314921617508
2025-03-07 02:21:46.986455,320,240,20,20,4.592482718131214,-0.005859069991856813,-0.009054767899215221,-0.0026616270188242197,0.2843928337097168,-9.188830375671387,0.06864655017852783
2025-03-07 02:21:47.017037,320,240,20,20,4.641775220472482,0.0010646508308127522,-0.004792673978954554,0.0015969761880114675,0.3040061295032501,-9.169217109680176,0.029419949278235435
2025-03-07 02:21:47.054491,320,240,20,20,4.57504021730274,0.0010646508308127522,-0.010651743970811367,0.0,0.2843928337097168,-9.188830375671387,0.04903324693441391
2025-03-07 02:21:47.084663,320,240,20,20,4.663735221515526,0.006923720706254244,-0.0026616270188242197,0.0026616270188242197,0.3040061295032501,-9.169217109680176,0.08825984597206116
2025-03-07 02:21:47.118172,320,240,20,20,4.685397722544439,-0.0026616270188242197,-0.005859069991856813,0.0026616270188242197,0.3040061295032501,-9.169217109680176,0.10787314921617508
2025-03-07 02:21:47.155813,320,240,20,20,4.6105777189906805,-0.0015969761880114675,-0.005324999336153269,0.0015969761880114675,0.3040061295032501,-9.169217109680176,0.127486452460289
2025-03-07 02:21:47.193596,320,240,20,20,4.598842718433298,-0.0010646508308127522,-0.003728023264557123,-0.0015969761880114675,0.2843928337097168,-9.169217109680176,0.08825984597206116
2025-03-07 02:21:47.231041,320,240,20,20,4.634782720140356,-0.0005323254154063761,-0.0031956976745277643,0.0026616270188242197,0.3040061295032501,-9.149603843688965,0.029419949278235435
2025-03-07 02:21:47.270007,320,240,20,20,4.610172718971444,0.003728023264557123,-0.005859069991856813,0.0026616270188242197,0.3040061295032501,-9.169217109680176,0.04903324693441391
2025-03-07 02:21:47.308893,320,240,20,20,4.644232720589207,0.0026616270188242197,-0.004260348621755838,0.004260348621755838,0.3040061295032501,-9.149603843688965,0.06864655017852783
2025-03-07 02:21:47.347898,320,240,20,20,4.590240218024701,0.0,-0.006923720706254244,0.003728023264557123,0.3040061295032501,-9.169217109680176,0.10787314921617508
2025-03-07 02:21:47.389619,320,240,20,20,4.627087719774863,-0.0010646508308127522,-0.008520697243511677,-0.003728023264557123,0.3040061295032501,-9.169217109680176,0.10787314921617508
2025-03-07 02:21:47.429141,320,240,20,20,4.636720220232382,-0.0005323254154063761,-0.006923720706254244,0.0015969761880114675,0.3040061295032501,-9.169217109680176,0.009806649759411812
2025-03-07 02:21:47.470953,320,240,20,20,4.630662719944667,0.0031956976745277643,-0.006923720706254244,0.0031956976745277643,0.3040061295032501,-9.169217109680176,0.04903324693441391
2025-03-07 02:21:47.510097,320,240,20,20,4.686840222612955,0.0021293016616255045,-0.006391395349055529,-0.0015969761880114675,0.2843928337097168,-9.169217109680176,0.08825984597206116
2025-03-07 02:21:47.547938,320,240,20,20,4.657747721231135,-0.0026616270188242197,-0.009054767899215221,-0.0015969761880114675,0.3040061295032501,-9.169217109680176,0.127486452460289
2025-03-07 02:21:47.586896,320,240,20,20,4.621595219513983,-0.0031956976745277643,-0.005324999336153269,-0.0021293016616255045,0.3040061295032501,-9.169217109680176,0.127486452460289
2025-03-07 02:21:47.624849,320,240,20,20,4.638667720324884,-0.0005323254154063761,-0.004792673978954554,0.004260348621755838,0.3040061295032501,-9.188830375671387,0.04903324693441391
2025-03-07 02:21:47.663962,320,240,20,20,4.689552722741792,0.0005323254154063761,-0.007456046529114246,0.0010646508308127522,0.3040061295032501,-9.169217109680176,0.029419949278235435
2025-03-07 02:21:47.702709,320,240,20,20,4.547802716009028,-0.0010646508308127522,-0.006923720706254244,0.0015969761880114675,0.3040061295032501,-9.169217109680176,0.08825984597206116
2025-03-07 02:21:47.740330,320,240,20,20,4.668122721723921,-0.0026616270188242197,-0.004260348621755838,0.0,0.2843928337097168,-9.169217109680176,0.127486452460289
2025-03-07 02:21:47.772869,320,240,20,20,4.63185022000107,-0.004792673978954554,-0.009587093256413937,-0.0005323254154063761,0.2843928337097168,-9.149603843688965,0.10787314921617508
2025-03-07 02:21:47.802897,320,240,20,20,4.673325221971027,-0.0021293016616255045,-0.005859069991856813,0.006923720706254244,0.2843928337097168,-9.149603843688965,0.06864655017852783
2025-03-07 02:21:47.832696,320,240,20,20,4.6078727188621995,0.003728023264557123,-0.006391395349055529,0.0015969761880114675,0.3040061295032501,-9.188830375671387,0.029419949278235435
2025-03-07 02:21:47.862356,320,240,20,20,4.569462717037823,0.0015969761880114675,-0.0031956976745277643,0.003728023264557123,0.3040061295032501,-9.149603843688965,0.04903324693441391
2025-03-07 02:21:47.892546,320,240,20,20,4.658447721264383,0.0010646508308127522,-0.0005323254154063761,0.0015969761880114675,0.2843928337097168,-9.169217109680176,0.08825984597206116
2025-03-07 02:21:47.922958,320,240,20,20,4.638587720321084,-0.0031956976745277643,-0.009054767899215221,0.0010646508308127522,0.2843928337097168,-9.149603843688965,0.10787314921617508
2025-03-07 02:21:47.952752,320,240,20,20,4.6209527194834665,-0.0005323254154063761,-0.005859069991856813,0.004260348621755838,0.2843928337097168,-9.169217109680176,0.10787314921617508
2025-03-07 02:21:47.983419,320,240,20,20,4.67723772215686,-0.0015969761880114675,-0.0031956976745277643,0.0015969761880114675,0.2843928337097168,-9.188830375671387,0.08825984597206116
2025-03-07 02:21:48.018792,320,240,20,20,4.630947719958203,-0.0010646508308127522,-0.005859069991856813,0.0,0.32361945509910583,-9.169217109680176,0.029419949278235435
2025-03-07 02:21:48.052630,320,240,20,20,4.6612652213982075,-0.0005323254154063761,-0.006923720706254244,0.003728023264557123,0.3040061295032501,-9.149603843688965,0.06864655017852783
2025-03-07 02:21:48.085398,320,240,20,20,4.644730220612837,0.0005323254154063761,-0.005324999336153269,0.0010646508308127522,0.3040061295032501,-9.169217109680176,0.08825984597206116
2025-03-07 02:21:48.118619,320,240,20,20,4.692375222875853,-0.0026616270188242197,-0.005859069991856813,-0.0026616270188242197,0.2843928337097168,-9.169217109680176,0.10787314921617508
2025-03-07 02:21:48.153087,320,240,20,20,4.610605218991987,-0.0015969761880114675,-0.005859069991856813,-0.0015969761880114675,0.3040061295032501,-9.169217109680176,0.10787314921617508
2025-03-07 02:21:48.185971,320,240,20,20,4.6510252209118335,-0.0021293016616255045,-0.005859069991856813,0.0021293016616255045,0.3040061295032501,-9.169217109680176,0.06864655017852783
2025-03-07 02:21:48.217480,320,240,20,20,4.654207721062994,0.0015969761880114675,-0.0026616270188242197,-0.0010646508308127522,0.2843928337097168,-9.169217109680176,0.029419949278235435
2025-03-07 02:21:48.255040,320,240,20,20,4.6223277195487755,-0.0015969761880114675,-0.007456046529114246,0.0010646508308127522,0.3040061295032501,-9.169217109680176,0.04903324693441391
2025-03-07 02:21:48.284815,320,240,20,20,4.659692721323518,-0.0015969761880114675,-0.004260348621755838,0.005859069991856813,0.2843928337097168,-9.188830375671387,0.08825984597206116
2025-03-07 02:21:48.320209,320,240,20,20,4.623905219623703,0.0010646508308127522,-0.004260348621755838,0.0,0.3040061295032501,-9.169217109680176,0.10787314921617508
2025-03-07 02:21:48.351168,320,240,20,20,4.659562721317343,0.0,-0.004792673978954554,0.0015969761880114675,0.3040061295032501,-9.169217109680176,0.10787314921617508
2025-03-07 02:21:48.384357,320,240,20,20,4.622030219534645,-0.005324999336153269,-0.005859069991856813,0.004792673978954554,0.3040061295032501,-9.169217109680176,0.04903324693441391
2025-03-07 02:21:48.422271,320,240,20,20,4.691575222837855,-0.0015969761880114675,-0.006391395349055529,0.0005323254154063761,0.3040061295032501,-9.169217109680176,0.04903324693441391
2025-03-07 02:21:48.452692,320,240,20,20,4.689867722756754,-0.0021293016616255045,-0.0015969761880114675,0.0026616270188242197,0.2843928337097168,-9.149603843688965,0.06864655017852783
2025-03-07 02:21:48.484990,320,240,20,20,4.734037724854716,-0.0010646508308127522,-0.005324999336153269,0.004260348621755838,0.2843928337097168,-9.169217109680176,0.08825984597206116
2025-03-07 02:21:48.519261,320,240,20,20,4.670972721859289,-0.0026616270188242197,0.0015969761880114675,0.0021293016616255045,0.2843928337097168,-9.169217109680176,0.10787314921617508
2025-03-07 02:21:48.551692,320,240,20,20,4.700127723244077,-0.005859069991856813,-0.006391395349055529,0.0005323254154063761,0.3040061295032501,-9.169217109680176,0.10787314921617508
2025-03-07 02:21:48.591986,320,240,20,20,4.670305221827585,-0.0010646508308127522,-0.004792673978954554,0.004792673978954554,0.2843928337097168,-9.169217109680176,0.06864655017852783
2025-03-07 02:21:48.630492,320,240,20,20,4.676480222120881,-0.0021293016616255045,-0.013315116055309772,0.004792673978954554,0.3040061295032501,-9.188830375671387,0.029419949278235435
2025-03-07 02:21:48.669821,320,240,20,20,4.7473477254869065,0.003728023264557123,-0.0015969761880114675,0.0010646508308127522,0.3040061295032501,-9.169217109680176,0.06864655017852783
2025-03-07 02:21:48.707180,320,240,20,20,4.573960217251442,-0.0005323254154063761,-0.007988371886312962,-0.003728023264557123,0.3040061295032501,-9.169217109680176,0.10787314921617508
2025-03-07 02:21:48.747925,320,240,20,20,4.659502721314493,-0.0021293016616255045,-0.007456046529114246,-0.0010646508308127522,0.2843928337097168,-9.169217109680176,0.08825984597206116
2025-03-07 02:21:48.787293,320,240,20,20,4.58753521789622,-0.0005323254154063761,-0.006923720706254244,0.0026616270188242197,0.3040061295032501,-9.169217109680176,0.08825984597206116
2025-03-07 02:21:48.825403,320,240,20,20,4.702397723351896,0.0,-0.007988371886312962,0.0010646508308127522,0.3040061295032501,-9.149603843688965,0.04903324693441391
2025-03-07 02:21:48.862438,320,240,20,20,4.633125220061629,0.0,-0.004260348621755838,0.005324999336153269,0.2843928337097168,-9.188830375671387,0.06864655017852783
2025-03-07 02:21:48.896678,320,240,20,20,4.618317719358311,0.0,-0.011718139983713627,0.0015969761880114675,0.3040061295032501,-9.169217109680176,0.10787314921617508
2025-03-07 02:21:48.927730,320,240,20,20,4.65296272100386,-0.0010646508308127522,-0.009587093256413937,-0.0005323254154063761,0.2843928337097168,-9.149603843688965,0.10787314921617508
2025-03-07 02:21:48.957317,320,240,20,20,4.62072771947278,0.0005323254154063761,-0.004260348621755838,0.0015969761880114675,0.2843928337097168,-9.169217109680176,0.08825984597206116
2025-03-07 02:21:48.986668,320,240,20,20,4.609972718961944,-0.005859069991856813,-0.007456046529114246,0.0015969761880114675,0.2843928337097168,-9.169217109680176,0.06864655017852783
2025-03-07 02:21:49.018175,320,240,20,20,4.66070272137149,0.0015969761880114675,-0.006923720706254244,0.0031956976745277643,0.2843928337097168,-9.169217109680176,0.029419949278235435
2025-03-07 02:21:49.054341,320,240,20,20,4.661407721404975,-0.0005323254154063761,-0.005324999336153269,0.004792673978954554,0.3040061295032501,-9.169217109680176,0.06864655017852783
2025-03-07 02:21:49.084486,320,240,20,20,4.688250222679926,-0.0021293016616255045,-0.006923720706254244,0.0015969761880114675,0.2843928337097168,-9.149603843688965,0.10787314921617508
2025-03-07 02:21:49.120537,320,240,20,20,4.632125220014132,0.0010646508308127522,-0.003728023264557123,0.0015969761880114675,0.2843928337097168,-9.169217109680176,0.10787314921617508
2025-03-07 02:21:49.151126,320,240,20,20,4.652420220978092,-0.0021293016616255045,-0.008520697243511677,0.003728023264557123,0.2843928337097168,-9.169217109680176,0.10787314921617508
2025-03-07 02:21:49.186878,320,240,20,20,4.694150222960161,-0.0031956976745277643,-0.004260348621755838,0.0,0.3040061295032501,-9.149603843688965,0.04903324693441391
2025-03-07 02:21:49.219058,320,240,20,20,4.670077721816779,0.0021293016616255045,-0.007988371886312962,0.0005323254154063761,0.3040061295032501,-9.169217109680176,0.04903324693441391
2025-03-07 02:21:49.251493,320,240,20,20,4.707897723613132,0.0021293016616255045,-0.006923720706254244,0.0026616270188242197,0.2843928337097168,-9.169217109680176,0.06864655017852783
2025-03-07 02:21:49.287641,320,240,20,20,4.594730218237965,-0.0015969761880114675,-0.009054767899215221,0.0015969761880114675,0.3040061295032501,-9.169217109680176,0.10787314921617508
2025-03-07 02:21:49.318072,320,240,20,20,4.675712722084427,-0.004792673978954554,-0.004260348621755838,0.0015969761880114675,0.3040061295032501,-9.169217109680176,0.127486452460289
2025-03-07 02:21:49.353478,320,240,20,20,4.629417719885533,-0.0010646508308127522,-0.0010646508308127522,-0.0005323254154063761,0.2843928337097168,-9.149603843688965,0.08825984597206116
2025-03-07 02:21:49.384541,320,240,20,20,4.74389772532304,-0.003728023264557123,-0.005859069991856813,0.0031956976745277643,0.3040061295032501,-9.169217109680176,0.06864655017852783
2025-03-07 02:21:49.420121,320,240,20,20,4.60717521882907,0.0005323254154063761,-0.0021293016616255045,-0.0005323254154063761,0.3040061295032501,-9.169217109680176,0.029419949278235435
2025-03-07 02:21:49.452190,320,240,20,20,4.729862724656414,0.004260348621755838,-0.007988371886312962,0.0015969761880114675,0.2843928337097168,-9.149603843688965,0.06864655017852783
2025-03-07 02:21:49.485716,320,240,20,20,4.662177721441549,0.0031956976745277643,-0.004792673978954554,0.0021293016616255045,0.2843928337097168,-9.169217109680176,0.10787314921617508
2025-03-07 02:21:49.519967,320,240,20,20,4.648002720768273,-0.004260348621755838,-0.010119418613612652,0.0015969761880114675,0.3040061295032501,-9.169217109680176,0.10787314921617508
2025-03-07 02:21:49.551813,320,240,20,20,4.61720521930547,0.0005323254154063761,-0.007456046529114246,-0.0005323254154063761,0.3040061295032501,-9.169217109680176,0.06864655017852783
2025-03-07 02:21:49.585953,320,240,20,20,4.731040224712342,-0.0021293016616255045,-0.009587093256413937,0.003728023264557123,0.2843928337097168,-9.169217109680176,0.04903324693441391
2025-03-07 02:21:49.619956,320,240,20,20,4.67349772197922,-0.0026616270188242197,-0.0031956976745277643,0.004260348621755838,0.2843928337097168,-9.169217109680176,0.04903324693441391
2025-03-07 02:21:49.652461,320,240,20,20,4.679042722242594,0.003728023264557123,-0.006923720706254244,0.0026616270188242197,0.3040061295032501,-9.169217109680176,0.06864655017852783
2025-03-07 02:21:49.685838,320,240,20,20,4.629325219881139,0.0026616270188242197,-0.009054767899215221,0.0,0.3040061295032501,-9.169217109680176,0.10787314921617508
2025-03-07 02:21:49.720311,320,240,20,20,4.6562577211603635,0.0010646508308127522,-0.006923720706254244,-0.0015969761880114675,0.2843928337097168,-9.169217109680176,0.127486452460289
2025-03-07 02:21:49.751874,320,240,20,20,4.645920220669359,-0.0010646508308127522,-0.005324999336153269,0.004792673978954554,0.3040061295032501,-9.169217109680176,0.06864655017852783
2025-03-07 02:21:49.786774,320,240,20,20,4.642585220510955,-0.0026616270188242197,-0.010651743970811367,0.005324999336153269,0.3040061295032501,-9.169217109680176,0.06864655017852783
2025-03-07 02:21:49.818700,320,240,20,20,4.6995852232183095,0.0005323254154063761,-0.005324999336153269,0.0031956976745277643,0.2843928337097168,-9.169217109680176,0.04903324693441391
2025-03-07 02:21:49.862482,320,240,20,20,4.641767720472126,-0.0015969761880114675,-0.009587093256413937,-0.0015969761880114675,0.3040061295032501,-9.169217109680176,0.06864655017852783
2025-03-07 02:21:49.910370,320,240,20,20,4.723300224344712,0.0015969761880114675,-0.004792673978954554,0.003728023264557123,0.3040061295032501,-9.169217109680176,0.127486452460289
2025-03-07 02:21:49.952990,320,240,20,20,4.633275220068754,-0.0005323254154063761,-0.006391395349055529,0.005324999336153269,0.3040061295032501,-9.169217109680176,0.10787314921617508
2025-03-07 02:21:49.993352,320,240,20,20,4.654282721066556,-0.0021293016616255045,-0.009587093256413937,0.0015969761880114675,0.2843928337097168,-9.169217109680176,0.06864655017852783
2025-03-07 02:21:50.034282,320,240,20,20,4.684697722511191,-0.003728023264557123,-0.006923720706254244,0.0010646508308127522,0.2843928337097168,-9.149603843688965,0.04903324693441391
2025-03-07 02:21:50.075497,320,240,20,20,4.600160218495875,-0.0010646508308127522,-0.0026616270188242197,0.0021293016616255045,0.2843928337097168,-9.169217109680176,0.06864655017852783
2025-03-07 02:21:50.114898,320,240,20,20,4.673132721961883,0.0005323254154063761,-0.004792673978954554,0.0021293016616255045,0.2843928337097168,-9.169217109680176,0.10787314921617508
2025-03-07 02:21:50.153768,320,240,20,20,4.649932720859942,-0.0021293016616255045,-0.009054767899215221,0.0031956976745277643,0.2843928337097168,-9.169217109680176,0.10787314921617508
2025-03-07 02:21:50.194053,320,240,20,20,4.683580222458113,-0.0031956976745277643,-0.004260348621755838,0.0026616270188242197,0.3040061295032501,-9.169217109680176,0.08825984597206116
2025-03-07 02:21:50.236235,320,240,20,20,4.61650771927234,-0.0005323254154063761,-0.005324999336153269,0.005859069991856813,0.3040061295032501,-9.149603843688965,0.04903324693441391
2025-03-07 02:21:50.275368,320,240,20,20,4.65939022130915,0.0010646508308127522,-0.006391395349055529,0.0010646508308127522,0.3040061295032501,-9.169217109680176,0.08825984597206116
2025-03-07 02:21:50.313652,320,240,20,20,4.700547723264026,-0.0010646508308127522,-0.007456046529114246,0.0031956976745277643,0.2843928337097168,-9.149603843688965,0.127486452460289
2025-03-07 02:21:50.354063,320,240,20,20,4.657357721212611,0.0,-0.004260348621755838,0.0,0.3040061295032501,-9.169217109680176,0.08825984597206116
2025-03-07 02:21:50.390108,320,240,20,20,4.637190220254706,-0.0021293016616255045,-0.011184069328010082,0.003728023264557123,0.2843928337097168,-9.169217109680176,0.08825984597206116
2025-03-07 02:21:50.420919,320,240,20,20,4.702040223334916,0.0021293016616255045,-0.006391395349055529,0.0010646508308127522,0.3040061295032501,-9.169217109680176,0.04903324693441391
2025-03-07 02:21:50.452016,320,240,20,20,4.6339502201008145,-0.0026616270188242197,-0.005859069991856813,0.0005323254154063761,0.3040061295032501,-9.169217109680176,0.06864655017852783
2025-03-07 02:21:50.487528,320,240,20,20,4.677170222153654,-0.0021293016616255045,-0.004792673978954554,0.0010646508308127522,0.3040061295032501,-9.169217109680176,0.127486452460289
2025-03-07 02:21:50.520093,320,240,20,20,4.680042722290091,-0.0026616270188242197,-0.007988371886312962,0.005324999336153269,0.3040061295032501,-9.169217109680176,0.08825984597206116
2025-03-07 02:21:50.552903,320,240,20,20,4.67011522181856,-0.0031956976745277643,-0.0026616270188242197,0.0021293016616255045,0.3040061295032501,-9.169217109680176,0.08825984597206116
2025-03-07 02:21:50.587257,320,240,20,20,4.648750220803777,0.0,-0.006391395349055529,0.0005323254154063761,0.3040061295032501,-9.169217109680176,0.04903324693441391
2025-03-07 02:21:50.620232,320,240,20,20,4.7037527234162555,0.0021293016616255045,-0.005324999336153269,0.0031956976745277643,0.3040061295032501,-9.149603843688965,0.04903324693441391
2025-03-07 02:21:50.655073,320,240,20,20,4.641917720479251,0.0010646508308127522,-0.006923720706254244,0.003728023264557123,0.3040061295032501,-9.149603843688965,0.08825984597206116
2025-03-07 02:21:50.685475,320,240,20,20,4.696180223056581,0.0,-0.007456046529114246,0.006391395349055529,0.3040061295032501,-9.169217109680176,0.127486452460289
2025-03-07 02:21:50.722231,320,240,20,20,4.709160223673098,-0.0031956976745277643,-0.005859069991856813,0.0031956976745277643,0.3040061295032501,-9.169217109680176,0.10787314921617508
2025-03-07 02:21:50.759760,320,240,20,20,4.694477722975717,-0.003728023264557123,-0.004260348621755838,0.0015969761880114675,0.2843928337097168,-9.169217109680176,0.08825984597206116
2025-03-07 02:21:50.797458,320,240,20,20,4.675442722071603,-0.0026616270188242197,-0.005324999336153269,0.0026616270188242197,0.2843928337097168,-9.188830375671387,0.06864655017852783
2025-03-07 02:21:50.836118,320,240,20,20,4.694522722977854,-0.0005323254154063761,-0.005324999336153269,0.0015969761880114675,0.3040061295032501,-9.169217109680176,0.04903324693441391
2025-03-07 02:21:50.875123,320,240,20,20,4.690350222779671,0.0031956976745277643,-0.005324999336153269,0.0031956976745277643,0.3040061295032501,-9.169217109680176,0.06864655017852783
2025-03-07 02:21:50.913789,320,240,20,20,4.655435221121297,-0.0015969761880114675,-0.0031956976745277643,0.0026616270188242197,0.2843928337097168,-9.169217109680176,0.08825984597206116
2025-03-07 02:21:50.952928,320,240,20,20,4.609472718938195,-0.006923720706254244,-0.005859069991856813,0.0,0.2843928337097168,-9.169217109680176,0.10787314921617508
2025-03-07 02:21:50.990506,320,240,20,20,4.616942719293002,0.0026616270188242197,-0.008520697243511677,0.0015969761880114675,0.3040061295032501,-9.169217109680176,0.08825984597206116
2025-03-07 02:21:51.026430,320,240,20,20,4.646465220695245,-0.003728023264557123,-0.005859069991856813,0.003728023264557123,0.3040061295032501,-9.169217109680176,0.06864655017852783
2025-03-07 02:21:51.064506,320,240,20,20,4.6914677228327495,0.004792673978954554,-0.0005323254154063761,0.0026616270188242197,0.2843928337097168,-9.149603843688965,0.06864655017852783
2025-03-07 02:21:51.103193,320,240,20,20,4.730417724682775,-0.004792673978954554,-0.011184069328010082,0.0005323254154063761,0.2843928337097168,-9.169217109680176,0.08825984597206116
2025-03-07 02:21:51.139949,320,240,20,20,4.599820218479726,-0.0010646508308127522,-0.0026616270188242197,0.004260348621755838,0.3040061295032501,-9.169217109680176,0.08825984597206116
2025-03-07 02:21:51.177757,320,240,20,20,4.6206427194687425,-0.0026616270188242197,-0.007988371886312962,0.0,0.3040061295032501,-9.169217109680176,0.08825984597206116
2025-03-07 02:21:51.216294,320,240,20,20,4.717335224061389,-0.004792673978954554,-0.008520697243511677,0.004792673978954554,0.3040061295032501,-9.169217109680176,0.04903324693441391
2025-03-07 02:21:51.254019,320,240,20,20,4.6804277223083774,-0.0026616270188242197,-0.005859069991856813,0.004260348621755838,0.3040061295032501,-9.169217109680176,0.08825984597206116
2025-03-07 02:21:51.290328,320,240,20,20,4.623415219600429,0.0005323254154063761,-0.012250465340912342,0.0015969761880114675,0.2843928337097168,-9.169217109680176,0.08825984597206116
2025-03-07 02:21:51.330513,320,240,20,20,4.589935218010214,-0.0015969761880114675,-0.0031956976745277643,0.0015969761880114675,0.2843928337097168,-9.149603843688965,0.08825984597206116
2025-03-07 02:21:51.375800,320,240,20,20,4.705025223476696,0.0010646508308127522,-0.008520697243511677,0.0031956976745277643,0.3040061295032501,-9.149603843688965,0.06864655017852783
2025-03-07 02:21:51.416648,320,240,20,20,4.601355218552635,0.0010646508308127522,-0.006391395349055529,-0.0005323254154063761,0.2843928337097168,-9.149603843688965,0.04903324693441391
2025-03-07 02:21:51.459713,320,240,20,20,4.6200702194415495,0.0031956976745277643,-0.005324999336153269,-0.0010646508308127522,0.3040061295032501,-9.169217109680176,0.04903324693441391
2025-03-07 02:21:51.497665,320,240,20,20,4.690577722790477,-0.0010646508308127522,-0.009054767899215221,0.0010646508308127522,0.3040061295032501,-9.169217109680176,0.10787314921617508
2025-03-07 02:21:51.532845,320,240,20,20,4.6885002226918004,-0.0015969761880114675,-0.006923720706254244,0.0005323254154063761,0.3040061295032501,-9.169217109680176,0.10787314921617508
2025-03-07 02:21:51.564939,320,240,20,20,4.567520216945558,-0.0015969761880114675,-0.007456046529114246,0.0010646508308127522,0.3040061295032501,-9.169217109680176,0.04903324693441391
2025-03-07 02:21:51.595185,320,240,20,20,4.692275222871103,-0.0021293016616255045,-0.005859069991856813,0.004260348621755838,0.3040061295032501,-9.169217109680176,0.04903324693441391
2025-03-07 02:21:51.625273,320,240,20,20,4.6402427203996925,-0.0015969761880114675,-0.006923720706254244,0.0010646508308127522,0.3040061295032501,-9.169217109680176,0.06864655017852783
2025-03-07 02:21:51.655096,320,240,20,20,4.659255221302738,0.0005323254154063761,-0.0026616270188242197,0.004260348621755838,0.2843928337097168,-9.169217109680176,0.10787314921617508
2025-03-07 02:21:51.685639,320,240,20,20,4.702882723374932,-0.0026616270188242197,-0.007988371886312962,0.0005323254154063761,0.2843928337097168,-9.149603843688965,0.08825984597206116
2025-03-07 02:21:51.720660,320,240,20,20,4.598362718410499,0.0005323254154063761,-0.006391395349055529,0.003728023264557123,0.3040061295032501,-9.188830375671387,0.08825984597206116
2025-03-07 02:21:51.754187,320,240,20,20,4.625312719690555,0.004260348621755838,-0.0010646508308127522,0.0005323254154063761,0.3040061295032501,-9.169217109680176,0.06864655017852783
2025-03-07 02:21:51.786385,320,240,20,20,4.668767721754557,-0.003728023264557123,-0.005859069991856813,0.0031956976745277643,0.3040061295032501,-9.169217109680176,0.06864655017852783
2025-03-07 02:21:51.822348,320,240,20,20,4.597217718356115,0.0010646508308127522,-0.006923720706254244,0.0026616270188242197,0.2843928337097168,-9.169217109680176,0.06864655017852783
2025-03-07 02:21:51.853777,320,240,20,20,4.669092721769994,-0.0010646508308127522,-0.007456046529114246,-0.0005323254154063761,0.2843928337097168,-9.169217109680176,0.08825984597206116
2025-03-07 02:21:51.887515,320,240,20,20,4.61430021916749,-0.0005323254154063761,-0.004792673978954554,0.0015969761880114675,0.2843928337097168,-9.169217109680176,0.10787314921617508
2025-03-07 02:21:51.922322,320,240,20,20,4.604172718686459,0.0015969761880114675,-0.007456046529114246,0.0026616270188242197,0.3040061295032501,-9.188830375671387,0.08825984597206116
2025-03-07 02:21:51.952735,320,240,20,20,4.699642723221041,-0.0010646508308127522,-0.006923720706254244,0.006391395349055529,0.2843928337097168,-9.169217109680176,0.06864655017852783
2025-03-07 02:21:51.990520,320,240,20,20,4.707052723572997,0.0,-0.006391395349055529,0.0005323254154063761,0.2843928337097168,-9.169217109680176,0.04903324693441391
2025-03-07 02:21:52.021320,320,240,20,20,4.619407719410082,0.0026616270188242197,-0.010651743970811367,0.0010646508308127522,0.3040061295032501,-9.169217109680176,0.08825984597206116
2025-03-07 02:21:52.053118,320,240,20,20,4.665422721595678,-0.0005323254154063761,-0.007988371886312962,0.0015969761880114675,0.3040061295032501,-9.188830375671387,0.08825984597206116
2025-03-07 02:21:52.089075,320,240,20,20,4.699035223192186,-0.0010646508308127522,-0.008520697243511677,0.004792673978954554,0.2843928337097168,-9.169217109680176,0.10787314921617508
2025-03-07 02:21:52.119788,320,240,20,20,4.654637721083418,0.0005323254154063761,-0.009587093256413937,0.003728023264557123,0.3040061295032501,-9.169217109680176,0.08825984597206116
2025-03-07 02:21:52.155757,320,240,20,20,4.647532720745948,-0.0026616270188242197,-0.004792673978954554,0.0021293016616255045,0.2843928337097168,-9.188830375671387,0.06864655017852783
2025-03-07 02:21:52.186334,320,240,20,20,4.704672723459953,-0.0010646508308127522,-0.0031956976745277643,0.0015969761880114675,0.2843928337097168,-9.149603843688965,0.06864655017852783
2025-03-07 02:21:52.222117,320,240,20,20,4.651165220918483,0.0,-0.006923720706254244,0.0010646508308127522,0.2843928337097168,-9.149603843688965,0.04903324693441391
2025-03-07 02:21:52.252794,320,240,20,20,4.629260219878051,-0.005859069991856813,-0.004260348621755838,0.004792673978954554,0.2843928337097168,-9.149603843688965,0.08825984597206116
2025-03-07 02:21:52.290931,320,240,20,20,4.725537724450987,-0.0010646508308127522,-0.005324999336153269,0.0005323254154063761,0.3040061295032501,-9.169217109680176,0.10787314921617508
2025-03-07 02:21:52.329545,320,240,20,20,4.659055221293238,0.0005323254154063761,-0.010119418613612652,0.0031956976745277643,0.32361945509910583,-9.169217109680176,0.08825984597206116
2025-03-07 02:21:52.364448,320,240,20,20,4.598672718425223,-0.0031956976745277643,-0.007988371886312962,0.0,0.3040061295032501,-9.169217109680176,0.08825984597206116
2025-03-07 02:21:52.394083,320,240,20,20,4.650427720883454,-0.0015969761880114675,-0.006391395349055529,0.0021293016616255045,0.3040061295032501,-9.169217109680176,0.06864655017852783
2025-03-07 02:21:52.423852,320,240,20,20,4.612505219082232,-0.003728023264557123,-0.0010646508308127522,0.0010646508308127522,0.3040061295032501,-9.149603843688965,0.08825984597206116
2025-03-07 02:21:52.453664,320,240,20,20,4.65238522097643,-0.0015969761880114675,-0.006391395349055529,0.004260348621755838,0.2843928337097168,-9.149603843688965,0.10787314921617508
2025-03-07 02:21:52.487064,320,240,20,20,4.612122719064064,-0.005324999336153269,-0.004792673978954554,-0.0010646508308127522,0.2843928337097168,-9.169217109680176,0.10787314921617508
2025-03-07 02:21:52.523173,320,240,20,20,4.712262723820459,-0.0031956976745277643,-0.011718139983713627,0.003728023264557123,0.2843928337097168,-9.169217109680176,0.08825984597206116
2025-03-07 02:21:52.553499,320,240,20,20,4.696662723079498,-0.0005323254154063761,-0.007456046529114246,0.0026616270188242197,0.3040061295032501,-9.169217109680176,0.06864655017852783
2025-03-07 02:21:52.589573,320,240,20,20,4.658980221289676,0.0,-0.006923720706254244,0.0031956976745277643,0.2843928337097168,-9.169217109680176,0.06864655017852783
2025-03-07 02:21:52.619902,320,240,20,20,4.670835221852758,0.0010646508308127522,-0.007456046529114246,0.006391395349055529,0.2843928337097168,-9.149603843688965,0.08825984597206116
2025-03-07 02:21:52.656309,320,240,20,20,4.669530221790774,0.0015969761880114675,-0.0005323254154063761,0.0,0.3040061295032501,-9.169217109680176,0.08825984597206116
2025-03-07 02:21:52.686769,320,240,20,20,4.697135223101941,-0.0026616270188242197,-0.009587093256413937,0.0005323254154063761,0.32361945509910583,-9.169217109680176,0.127486452460289
2025-03-07 02:21:52.724202,320,240,20,20,4.576665217379923,-0.0026616270188242197,-0.010119418613612652,0.007988371886312962,0.3040061295032501,-9.169217109680176,0.06864655017852783
2025-03-07 02:21:52.754195,320,240,20,20,4.660750221373746,0.0005323254154063761,-0.006923720706254244,0.0,0.2843928337097168,-9.169217109680176,0.04903324693441391
2025-03-07 02:21:52.787882,320,240,20,20,4.60236021860037,0.0005323254154063761,-0.008520697243511677,0.003728023264557123,0.3040061295032501,-9.169217109680176,0.04903324693441391
