2025-03-07 02:02:54.778809,320,240,20,20,6.421040304983035,0.0005323254154063761,-0.010651743970811367,0.0026616270188242197,0.2843928337097168,-9.169217109680176,0.18632633984088898
2025-03-07 02:02:54.827489,320,240,20,20,8.892275422360399,-0.0005323254154063761,-0.006923720706254244,0.004792673978954554,0.2843928337097168,-9.169217109680176,0.127486452460289
2025-03-07 02:02:54.863114,320,240,20,20,8.95274792523269,-0.004260348621755838,-0.004792673978954554,-0.0005323254154063761,0.2843928337097168,-9.188830375671387,0.06864655017852783
2025-03-07 02:02:54.895650,320,240,20,20,9.11903793313104,0.0031956976745277643,-0.006391395349055529,-0.0015969761880114675,0.2843928337097168,-9.188830375671387,0.029419949278235435
2025-03-07 02:02:54.928804,320,240,20,20,8.893092922399228,0.0031956976745277643,-0.005324999336153269,0.0,0.26477953791618347,-9.188830375671387,0.06864655017852783
2025-03-07 02:02:54.960483,320,240,20,20,8.918055423584883,-0.0015969761880114675,-0.004260348621755838,0.0015969761880114675,0.2843928337097168,-9.169217109680176,0.14709974825382233
2025-03-07 02:02:54.992930,320,240,20,20,8.998720427416265,0.0015969761880114675,-0.004792673978954554,0.0005323254154063761,0.2843928337097168,-9.188830375671387,0.18632633984088898
2025-03-07 02:02:55.023977,320,240,20,20,9.016905428280007,-0.004792673978954554,-0.004260348621755838,-0.0005323254154063761,0.2843928337097168,-9.188830375671387,0.16671304404735565
2025-03-07 02:02:55.056226,320,240,20,20,8.924077923870936,-0.0010646508308127522,-0.0021293016616255045,0.0010646508308127522,0.26477953791618347,-9.149603843688965,0.08825984597206116
2025-03-07 02:02:55.086821,320,240,20,20,8.84471542010142,0.0,-0.003728023264557123,0.0026616270188242197,0.2843928337097168,-9.169217109680176,0.029419949278235435
2025-03-07 02:02:55.118130,320,240,20,20,8.826057919215236,0.0021293016616255045,-0.0026616270188242197,0.005324999336153269,0.26477953791618347,-9.188830375671387,0.04903324693441391
2025-03-07 02:02:55.148593,320,240,20,20,9.109350432670908,0.0005323254154063761,-0.004792673978954554,0.0015969761880114675,0.26477953791618347,-9.169217109680176,0.127486452460289
2025-03-07 02:02:55.179093,320,240,20,20,9.071527930874435,-0.0005323254154063761,-0.007456046529114246,0.0026616270188242197,0.2843928337097168,-9.169217109680176,0.18632633984088898
2025-03-07 02:02:55.209580,320,240,20,20,8.89346792241704,-0.004260348621755838,-0.009587093256413937,0.0015969761880114675,0.2843928337097168,-9.188830375671387,0.14709974825382233
2025-03-07 02:02:55.239795,320,240,20,20,8.901142922781583,-0.0021293016616255045,-0.008520697243511677,0.006391395349055529,0.2843928337097168,-9.169217109680176,0.04903324693441391
2025-03-07 02:02:55.269709,320,240,20,20,8.832352919514232,0.0021293016616255045,-0.006391395349055529,0.005859069991856813,0.2843928337097168,-9.169217109680176,0.029419949278235435
2025-03-07 02:02:55.310244,320,240,20,20,8.852170420455513,0.0026616270188242197,-0.0005323254154063761,0.0015969761880114675,0.2843928337097168,-9.188830375671387,0.06864655017852783
2025-03-07 02:02:55.352994,320,240,20,20,9.03749042925774,-0.0010646508308127522,-0.006391395349055529,0.0005323254154063761,0.2843928337097168,-9.188830375671387,0.127486452460289
2025-03-07 02:02:55.391053,320,240,20,20,8.816395418756292,-0.0031956976745277643,-0.010119418613612652,0.004260348621755838,0.2843928337097168,-9.169217109680176,0.18632633984088898
2025-03-07 02:02:55.424062,320,240,20,20,8.821220418985467,-0.0015969761880114675,-0.005324999336153269,0.0021293016616255045,0.2843928337097168,-9.188830375671387,0.16671304404735565
2025-03-07 02:02:55.455898,320,240,20,20,8.937415424504433,-0.004260348621755838,-0.007988371886312962,0.0026616270188242197,0.2843928337097168,-9.169217109680176,0.08825984597206116
2025-03-07 02:02:55.488008,320,240,20,20,8.81373291862983,-0.0005323254154063761,-0.0021293016616255045,0.0005323254154063761,0.3040061295032501,-9.169217109680176,0.029419949278235435
2025-03-07 02:02:55.539958,320,240,20,20,8.83118291945866,0.0021293016616255045,-0.0021293016616255045,0.0,0.2843928337097168,-9.149603843688965,0.08825984597206116
2025-03-07 02:02:55.602128,320,240,20,20,8.857402920704043,-0.0026616270188242197,-0.007988371886312962,0.0021293016616255045,0.2843928337097168,-9.169217109680176,0.16671304404735565
2025-03-07 02:02:55.652886,320,240,20,20,9.028867928848195,-0.004260348621755838,-0.006391395349055529,-0.0021293016616255045,0.2843928337097168,-9.169217109680176,0.029419949278235435
2025-03-07 02:02:55.699067,320,240,20,20,8.926640423992648,0.0015969761880114675,-0.004260348621755838,0.003728023264557123,0.2843928337097168,-9.169217109680176,0.029419949278235435
2025-03-07 02:02:55.745142,320,240,20,20,9.13143543371989,-0.0010646508308127522,-0.007988371886312962,0.0026616270188242197,0.2843928337097168,-9.188830375671387,0.06864655017852783
2025-03-07 02:02:55.783172,320,240,20,20,8.99532792725513,0.0005323254154063761,-0.007456046529114246,-0.0015969761880114675,0.2843928337097168,-9.169217109680176,0.18632633984088898
2025-03-07 02:02:55.824185,320,240,20,20,8.897375422602636,-0.005324999336153269,-0.004792673978954554,0.0015969761880114675,0.2843928337097168,-9.169217109680176,0.127486452460289
2025-03-07 02:02:55.859098,320,240,20,20,8.940085424631253,-0.0026616270188242197,-0.004260348621755838,0.004792673978954554,0.2843928337097168,-9.188830375671387,0.08825984597206116
2025-03-07 02:02:55.913914,320,240,20,20,8.828927919351553,-0.0015969761880114675,-0.008520697243511677,0.0015969761880114675,0.26477953791618347,-9.188830375671387,0.04903324693441391
2025-03-07 02:02:55.978940,320,240,20,20,8.959015425530378,0.0,-0.003728023264557123,0.005324999336153269,0.2843928337097168,-9.169217109680176,0.16671304404735565
2025-03-07 02:02:56.041684,320,240,20,20,8.922095423776772,-0.003728023264557123,-0.007988371886312962,0.0005323254154063761,0.2843928337097168,-9.169217109680176,0.127486452460289
2025-03-07 02:02:56.104052,320,240,20,20,8.969342926020909,-0.003728023264557123,-0.006391395349055529,0.0015969761880114675,0.26477953791618347,-9.169217109680176,0.029419949278235435
2025-03-07 02:02:56.166733,320,240,20,20,8.899610422708793,0.0,-0.005324999336153269,0.003728023264557123,0.2843928337097168,-9.169217109680176,0.14709974825382233
2025-03-07 02:02:56.229917,320,240,20,20,8.953317925259762,-0.004260348621755838,-0.003728023264557123,0.0005323254154063761,0.2843928337097168,-9.169217109680176,0.10787314921617508
2025-03-07 02:02:56.292151,320,240,20,20,9.030357928918965,-0.0026616270188242197,-0.006923720706254244,0.0031956976745277643,0.26477953791618347,-9.169217109680176,0.04903324693441391
2025-03-07 02:02:56.358459,320,240,20,20,8.874015421493095,0.0026616270188242197,-0.003728023264557123,0.0005323254154063761,0.3040061295032501,-9.169217109680176,0.08825984597206116
2025-03-07 02:02:56.421518,320,240,20,20,8.864757921053387,-0.0031956976745277643,-0.010119418613612652,0.004260348621755838,0.2843928337097168,-9.169217109680176,0.16671304404735565
2025-03-07 02:02:56.485078,320,240,20,20,8.965450425836025,-0.004792673978954554,-0.008520697243511677,0.0021293016616255045,0.2843928337097168,-9.169217109680176,0.04903324693441391
2025-03-07 02:02:56.549193,320,240,20,20,8.841842919964984,-0.0005323254154063761,-0.005859069991856813,0.0015969761880114675,0.2843928337097168,-9.188830375671387,0.10787314921617508
2025-03-07 02:02:56.602489,320,240,20,20,8.939057924582448,-0.004792673978954554,-0.009587093256413937,0.0010646508308127522,0.2843928337097168,-9.149603843688965,0.16671304404735565
2025-03-07 02:02:56.656908,320,240,20,20,9.007430427829968,-0.0031956976745277643,-0.007988371886312962,0.0026616270188242197,0.2843928337097168,-9.169217109680176,0.08825984597206116
2025-03-07 02:02:56.719547,320,240,20,20,8.947877925001375,-0.0010646508308127522,-0.011184069328010082,0.0031956976745277643,0.2843928337097168,-9.169217109680176,0.04903324693441391
2025-03-07 02:02:56.777830,320,240,20,20,8.877335421650788,-0.0031956976745277643,-0.006391395349055529,0.0026616270188242197,0.2843928337097168,-9.169217109680176,0.16671304404735565
2025-03-07 02:02:56.824152,320,240,20,20,8.82708541926404,-0.0021293016616255045,-0.004260348621755838,0.0026616270188242197,0.2843928337097168,-9.188830375671387,0.10787314921617508
2025-03-07 02:02:56.870020,320,240,20,20,8.8551429205967,-0.004260348621755838,-0.006923720706254244,0.006391395349055529,0.2843928337097168,-9.188830375671387,0.029419949278235435
2025-03-07 02:02:56.914072,320,240,20,20,8.892057922350068,-0.0015969761880114675,-0.005859069991856813,-0.0005323254154063761,0.2843928337097168,-9.169217109680176,0.10787314921617508
2025-03-07 02:02:56.958975,320,240,20,20,8.980600426555611,0.0015969761880114675,-0.006923720706254244,0.0005323254154063761,0.3040061295032501,-9.169217109680176,0.16671304404735565
2025-03-07 02:02:56.998363,320,240,20,20,8.95929042554344,-0.004260348621755838,-0.011718139983713627,0.0,0.3040061295032501,-9.169217109680176,0.14709974825382233
2025-03-07 02:02:57.036091,320,240,20,20,9.010380427970086,0.0,-0.008520697243511677,0.0005323254154063761,0.2843928337097168,-9.169217109680176,0.04903324693441391
2025-03-07 02:02:57.076997,320,240,20,20,8.801722918059387,0.0005323254154063761,-0.0026616270188242197,0.0010646508308127522,0.3040061295032501,-9.188830375671387,0.06864655017852783
2025-03-07 02:02:57.120596,320,240,20,20,9.085160431521945,0.0010646508308127522,-0.007456046529114246,0.0,0.2843928337097168,-9.169217109680176,0.127486452460289
2025-03-07 02:02:57.166850,320,240,20,20,8.812475418570102,-0.0031956976745277643,-0.007988371886312962,0.0021293016616255045,0.2843928337097168,-9.169217109680176,0.18632633984088898
2025-03-07 02:02:57.207036,320,240,20,20,8.796385417805869,-0.0010646508308127522,-0.005859069991856813,0.0010646508308127522,0.2843928337097168,-9.188830375671387,0.14709974825382233
2025-03-07 02:02:57.245942,320,240,20,20,9.009227927915344,-0.0005323254154063761,-0.004792673978954554,0.003728023264557123,0.2843928337097168,-9.169217109680176,0.04903324693441391
2025-03-07 02:02:57.283768,320,240,20,20,8.776250416849507,-0.0031956976745277643,-0.005859069991856813,0.0005323254154063761,0.2843928337097168,-9.169217109680176,0.04903324693441391
2025-03-07 02:02:57.324703,320,240,20,20,8.94997792510112,0.0010646508308127522,-0.005324999336153269,0.0026616270188242197,0.2843928337097168,-9.188830375671387,0.127486452460289
2025-03-07 02:02:57.364971,320,240,20,20,8.95620792539703,-0.0021293016616255045,-0.006923720706254244,0.0010646508308127522,0.2843928337097168,-9.188830375671387,0.14709974825382233
2025-03-07 02:02:57.404043,320,240,20,20,8.879870421771193,-0.0021293016616255045,-0.011718139983713627,0.0,0.2843928337097168,-9.188830375671387,0.14709974825382233
2025-03-07 02:02:57.443281,320,240,20,20,8.786150417319732,0.0010646508308127522,-0.007988371886312962,0.0005323254154063761,0.2843928337097168,-9.169217109680176,0.04903324693441391
2025-03-07 02:02:57.484293,320,240,20,20,8.92723292402079,0.0031956976745277643,-0.003728023264557123,0.0026616270188242197,0.2843928337097168,-9.169217109680176,0.06864655017852783
2025-03-07 02:02:57.521618,320,240,20,20,8.912402923316403,0.0010646508308127522,-0.004792673978954554,-0.0010646508308127522,0.2843928337097168,-9.169217109680176,0.127486452460289
2025-03-07 02:02:57.560307,320,240,20,20,8.87012542130833,-0.0026616270188242197,-0.005324999336153269,0.0005323254154063761,0.2843928337097168,-9.169217109680176,0.16671304404735565
2025-03-07 02:02:57.599589,320,240,20,20,9.018245428343652,-0.004792673978954554,-0.005859069991856813,0.0005323254154063761,0.26477953791618347,-9.169217109680176,0.14709974825382233
2025-03-07 02:02:57.638905,320,240,20,20,8.927507924033852,-0.005324999336153269,-0.0026616270188242197,0.0031956976745277643,0.2843928337097168,-9.169217109680176,0.08825984597206116
2025-03-07 02:02:57.679128,320,240,20,20,8.841282919938385,0.003728023264557123,-0.006391395349055529,0.0,0.3040061295032501,-9.188830375671387,0.08825984597206116
2025-03-07 02:02:57.716256,320,240,20,20,8.788975417453912,0.0,-0.004260348621755838,0.004260348621755838,0.2843928337097168,-9.169217109680176,0.127486452460289
2025-03-07 02:02:57.755415,320,240,20,20,8.885247922026611,-0.004260348621755838,-0.0021293016616255045,0.004792673978954554,0.2843928337097168,-9.169217109680176,0.16671304404735565
2025-03-07 02:02:57.793476,320,240,20,20,8.929865424145827,-0.0021293016616255045,-0.004260348621755838,-0.0005323254154063761,0.2843928337097168,-9.169217109680176,0.127486452460289
2025-03-07 02:02:57.831846,320,240,20,20,9.066490430635167,-0.0031956976745277643,-0.003728023264557123,0.003728023264557123,0.3040061295032501,-9.188830375671387,0.08825984597206116
2025-03-07 02:02:57.867460,320,240,20,20,8.86913042126107,0.0021293016616255045,-0.0026616270188242197,0.0021293016616255045,0.2843928337097168,-9.188830375671387,0.04903324693441391
2025-03-07 02:02:57.899490,320,240,20,20,8.867740421195048,-0.0015969761880114675,-0.0015969761880114675,0.0026616270188242197,0.2843928337097168,-9.169217109680176,0.06864655017852783
2025-03-07 02:02:57.929936,320,240,20,20,8.780365417044958,-0.0005323254154063761,-0.003728023264557123,0.0026616270188242197,0.2843928337097168,-9.169217109680176,0.10787314921617508
2025-03-07 02:02:57.959834,320,240,20,20,8.831192919459136,-0.0005323254154063761,-0.0015969761880114675,0.0026616270188242197,0.2843928337097168,-9.169217109680176,0.16671304404735565
2025-03-07 02:02:57.990397,320,240,20,20,8.96717292591784,0.0,-0.005324999336153269,0.0010646508308127522,0.3040061295032501,-9.188830375671387,0.14709974825382233
2025-03-07 02:02:58.020219,320,240,20,20,9.003722927653872,-0.0015969761880114675,-0.006391395349055529,0.0031956976745277643,0.2843928337097168,-9.188830375671387,0.06864655017852783
2025-03-07 02:02:58.050495,320,240,20,20,8.839455419851584,0.005324999336153269,-0.006923720706254244,-0.0015969761880114675,0.2843928337097168,-9.188830375671387,0.04903324693441391
2025-03-07 02:02:58.080438,320,240,20,20,8.99230292711145,0.0026616270188242197,-0.010119418613612652,0.003728023264557123,0.2843928337097168,-9.169217109680176,0.08825984597206116
2025-03-07 02:02:58.110408,320,240,20,20,9.090042931753851,0.0,-0.007456046529114246,-0.0005323254154063761,0.2843928337097168,-9.188830375671387,0.14709974825382233
2025-03-07 02:02:58.140087,320,240,20,20,8.94007042463054,-0.0021293016616255045,-0.007988371886312962,0.0010646508308127522,0.2843928337097168,-9.188830375671387,0.14709974825382233
2025-03-07 02:02:58.170340,320,240,20,20,8.927887924051902,-0.004792673978954554,-0.004792673978954554,-0.0021293016616255045,0.2843928337097168,-9.169217109680176,0.127486452460289
2025-03-07 02:02:58.201010,320,240,20,20,8.8863404220785,-0.005859069991856813,-0.006923720706254244,0.0005323254154063761,0.3040061295032501,-9.188830375671387,0.08825984597206116
2025-03-07 02:02:58.237367,320,240,20,20,8.81248041857034,-0.0015969761880114675,-0.005859069991856813,0.0026616270188242197,0.2843928337097168,-9.188830375671387,0.04903324693441391
2025-03-07 02:02:58.268277,320,240,20,20,9.106702932545158,0.004260348621755838,-0.004260348621755838,0.0010646508308127522,0.2843928337097168,-9.188830375671387,0.08825984597206116
2025-03-07 02:02:58.304372,320,240,20,20,8.898942922677088,-0.0031956976745277643,-0.010119418613612652,0.0010646508308127522,0.2843928337097168,-9.169217109680176,0.10787314921617508
2025-03-07 02:02:58.334958,320,240,20,20,8.986082926816016,0.0,-0.006923720706254244,0.003728023264557123,0.3040061295032501,-9.169217109680176,0.16671304404735565
2025-03-07 02:02:58.369068,320,240,20,20,9.154822934830737,-0.005859069991856813,-0.006391395349055529,0.006391395349055529,0.3040061295032501,-9.169217109680176,0.10787314921617508
2025-03-07 02:02:58.402697,320,240,20,20,9.038220429292414,-0.0015969761880114675,-0.012250465340912342,0.0015969761880114675,0.2843928337097168,-9.188830375671387,0.06864655017852783
2025-03-07 02:02:58.435312,320,240,20,20,8.900457922749046,0.0005323254154063761,-0.004260348621755838,0.004260348621755838,0.2843928337097168,-9.169217109680176,0.08825984597206116
2025-03-07 02:02:58.471227,320,240,20,20,8.830907919445599,-0.0026616270188242197,-0.005324999336153269,-0.0021293016616255045,0.3040061295032501,-9.169217109680176,0.08825984597206116
2025-03-07 02:02:58.501402,320,240,20,20,9.04549292963784,-0.0010646508308127522,-0.007456046529114246,0.0010646508308127522,0.2843928337097168,-9.169217109680176,0.14709974825382233
2025-03-07 02:02:58.536676,320,240,20,20,9.031490428972756,-0.0031956976745277643,-0.005859069991856813,-0.0010646508308127522,0.3040061295032501,-9.169217109680176,0.16671304404735565
2025-03-07 02:02:58.568735,320,240,20,20,8.984130426723278,-0.004792673978954554,-0.007988371886312962,0.0010646508308127522,0.3040061295032501,-9.169217109680176,0.127486452460289
2025-03-07 02:02:58.603371,320,240,20,20,8.919997923677148,-0.0010646508308127522,-0.007988371886312962,0.003728023264557123,0.2843928337097168,-9.169217109680176,0.06864655017852783
2025-03-07 02:02:58.635441,320,240,20,20,8.976777926374051,0.0005323254154063761,-0.0031956976745277643,0.0031956976745277643,0.26477953791618347,-9.169217109680176,0.04903324693441391
2025-03-07 02:02:58.669208,320,240,20,20,8.990940427046734,0.0005323254154063761,-0.0031956976745277643,-0.0015969761880114675,0.2843928337097168,-9.169217109680176,0.08825984597206116
2025-03-07 02:02:58.704533,320,240,20,20,9.00272792760661,-0.003728023264557123,-0.006391395349055529,0.0015969761880114675,0.2843928337097168,-9.188830375671387,0.127486452460289
2025-03-07 02:02:58.734512,320,240,20,20,8.844322920082778,-0.0005323254154063761,-0.0021293016616255045,0.0026616270188242197,0.3040061295032501,-9.188830375671387,0.14709974825382233
2025-03-07 02:02:58.771400,320,240,20,20,8.92040792369662,-0.0015969761880114675,-0.005324999336153269,0.005324999336153269,0.2843928337097168,-9.169217109680176,0.10787314921617508
2025-03-07 02:02:58.801409,320,240,20,20,8.892582922375004,-0.004792673978954554,-0.005859069991856813,0.0005323254154063761,0.2843928337097168,-9.169217109680176,0.06864655017852783
2025-03-07 02:02:58.839434,320,240,20,20,8.840540419903117,-0.0010646508308127522,-0.0031956976745277643,0.0,0.2843928337097168,-9.169217109680176,0.06864655017852783
2025-03-07 02:02:58.870661,320,240,20,20,8.877222921645444,0.0021293016616255045,-0.0021293016616255045,-0.0031956976745277643,0.3040061295032501,-9.188830375671387,0.10787314921617508
2025-03-07 02:02:58.902251,320,240,20,20,8.971415426119346,-0.0026616270188242197,-0.004260348621755838,0.0010646508308127522,0.3040061295032501,-9.169217109680176,0.127486452460289
2025-03-07 02:02:58.934564,320,240,20,20,8.802765418108901,-0.0026616270188242197,-0.0021293016616255045,0.004792673978954554,0.3040061295032501,-9.169217109680176,0.14709974825382233
2025-03-07 02:02:58.968529,320,240,20,20,8.82416041912511,-0.0005323254154063761,-0.004260348621755838,0.0021293016616255045,0.2843928337097168,-9.169217109680176,0.10787314921617508
2025-03-07 02:02:59.004722,320,240,20,20,8.952817925236014,-0.0005323254154063761,-0.007456046529114246,-0.0005323254154063761,0.2843928337097168,-9.188830375671387,0.08825984597206116
2025-03-07 02:02:59.034911,320,240,20,20,8.756230415898608,0.0005323254154063761,-0.004792673978954554,0.003728023264557123,0.26477953791618347,-9.169217109680176,0.06864655017852783
2025-03-07 02:02:59.073452,320,240,20,20,8.92900542410498,0.0010646508308127522,-0.003728023264557123,-0.0005323254154063761,0.3040061295032501,-9.149603843688965,0.10787314921617508
2025-03-07 02:02:59.127703,320,240,20,20,8.917062923537742,0.0026616270188242197,-0.006391395349055529,0.0005323254154063761,0.3040061295032501,-9.169217109680176,0.16671304404735565
2025-03-07 02:02:59.189453,320,240,20,20,8.901310422789539,-0.0005323254154063761,-0.0026616270188242197,-0.0021293016616255045,0.3040061295032501,-9.169217109680176,0.127486452460289
2025-03-07 02:02:59.252094,320,240,20,20,8.748927915551757,-0.0021293016616255045,-0.0015969761880114675,0.0026616270188242197,0.2843928337097168,-9.169217109680176,0.06864655017852783
2025-03-07 02:02:59.314561,320,240,20,20,9.001207927534415,0.0015969761880114675,-0.008520697243511677,-0.0015969761880114675,0.3040061295032501,-9.169217109680176,0.10787314921617508
2025-03-07 02:02:59.376582,320,240,20,20,8.874725421526819,-0.0026616270188242197,-0.005324999336153269,-0.0010646508308127522,0.3040061295032501,-9.169217109680176,0.14709974825382233
2025-03-07 02:02:59.441473,320,240,20,20,8.993660427175929,-0.0010646508308127522,-0.003728023264557123,0.0010646508308127522,0.2843928337097168,-9.188830375671387,0.04903324693441391
2025-03-07 02:02:59.494271,320,240,20,20,9.171930435643299,0.0,-0.005324999336153269,0.0005323254154063761,0.2843928337097168,-9.169217109680176,0.10787314921617508
2025-03-07 02:02:59.556967,320,240,20,20,8.850052920354937,0.0015969761880114675,-0.004260348621755838,0.005859069991856813,0.3040061295032501,-9.188830375671387,0.127486452460289
2025-03-07 02:02:59.619747,320,240,20,20,9.06706293066236,-0.0026616270188242197,-0.011718139983713627,0.0,0.2843928337097168,-9.188830375671387,0.10787314921617508
2025-03-07 02:02:59.682671,320,240,20,20,8.837287919748633,-0.0031956976745277643,-0.003728023264557123,0.0015969761880114675,0.2843928337097168,-9.188830375671387,0.06864655017852783
2025-03-07 02:02:59.745985,320,240,20,20,8.913915423388243,0.0031956976745277643,-0.0021293016616255045,0.004260348621755838,0.2843928337097168,-9.169217109680176,0.14709974825382233
2025-03-07 02:02:59.805610,320,240,20,20,8.903762922906026,-0.005324999336153269,-0.005324999336153269,0.0015969761880114675,0.2843928337097168,-9.188830375671387,0.10787314921617508
2025-03-07 02:02:59.870375,320,240,20,20,9.056845430177054,0.0010646508308127522,-0.007988371886312962,0.003728023264557123,0.2843928337097168,-9.169217109680176,0.06864655017852783
2025-03-07 02:02:59.931583,320,240,20,20,9.082680431404151,-0.0021293016616255045,-0.006391395349055529,0.004792673978954554,0.2843928337097168,-9.169217109680176,0.14709974825382233
2025-03-07 02:02:59.997089,320,240,20,20,8.94251792474679,-0.003728023264557123,-0.004260348621755838,0.0021293016616255045,0.2843928337097168,-9.169217109680176,0.10787314921617508
2025-03-07 02:03:00.058844,320,240,20,20,8.903887922911963,-0.004792673978954554,-0.004792673978954554,0.0,0.2843928337097168,-9.169217109680176,0.06864655017852783
2025-03-07 02:03:00.109877,320,240,20,20,9.142872934263142,0.0026616270188242197,-0.008520697243511677,0.0,0.2843928337097168,-9.188830375671387,0.08825984597206116
2025-03-07 02:03:00.156474,320,240,20,20,8.926242923973769,-0.006391395349055529,-0.005859069991856813,0.0026616270188242197,0.2843928337097168,-9.188830375671387,0.10787314921617508
2025-03-07 02:03:00.192790,320,240,20,20,8.791530417575268,-0.0005323254154063761,-0.004260348621755838,0.0026616270188242197,0.2843928337097168,-9.169217109680176,0.08825984597206116
2025-03-07 02:03:00.224043,320,240,20,20,8.959180425538216,0.0005323254154063761,-0.005324999336153269,-0.0010646508308127522,0.2843928337097168,-9.169217109680176,0.06864655017852783
2025-03-07 02:03:00.253769,320,240,20,20,9.095787932026724,0.0005323254154063761,-0.006391395349055529,0.0005323254154063761,0.26477953791618347,-9.169217109680176,0.08825984597206116
2025-03-07 02:03:00.302664,320,240,20,20,8.967080425913446,-0.0005323254154063761,-0.009054767899215221,0.0,0.2843928337097168,-9.169217109680176,0.10787314921617508
2025-03-07 02:03:00.352280,320,240,20,20,8.953905425287667,-0.005324999336153269,-0.004260348621755838,0.0021293016616255045,0.3040061295032501,-9.169217109680176,0.127486452460289
2025-03-07 02:03:00.393831,320,240,20,20,8.87593792158441,-0.005324999336153269,-0.004260348621755838,0.0026616270188242197,0.3040061295032501,-9.188830375671387,0.10787314921617508
2025-03-07 02:03:00.435842,320,240,20,20,8.89549542251334,-0.0005323254154063761,-0.0026616270188242197,0.0026616270188242197,0.2843928337097168,-9.149603843688965,0.08825984597206116
2025-03-07 02:03:00.473487,320,240,20,20,8.808132918363844,-0.0010646508308127522,-0.005324999336153269,0.005859069991856813,0.2843928337097168,-9.169217109680176,0.08825984597206116
2025-03-07 02:03:00.504474,320,240,20,20,9.047317929724523,-0.0015969761880114675,-0.004260348621755838,-0.0010646508308127522,0.2843928337097168,-9.169217109680176,0.14709974825382233
2025-03-07 02:03:00.534884,320,240,20,20,8.857502920708793,-0.0026616270188242197,-0.004792673978954554,0.0026616270188242197,0.3040061295032501,-9.169217109680176,0.127486452460289
2025-03-07 02:03:00.571983,320,240,20,20,9.033112929049821,-0.0021293016616255045,-0.006923720706254244,0.004792673978954554,0.2843928337097168,-9.188830375671387,0.08825984597206116
2025-03-07 02:03:00.602941,320,240,20,20,8.924622923896823,-0.003728023264557123,-0.006391395349055529,0.0026616270188242197,0.2843928337097168,-9.149603843688965,0.08825984597206116
2025-03-07 02:03:00.643709,320,240,20,20,8.996215427297283,0.0010646508308127522,-0.009587093256413937,0.0,0.2843928337097168,-9.169217109680176,0.08825984597206116
2025-03-07 02:03:00.678197,320,240,20,20,8.970625426081824,-0.0021293016616255045,-0.010119418613612652,0.0026616270188242197,0.3040061295032501,-9.169217109680176,0.10787314921617508
2025-03-07 02:03:00.708684,320,240,20,20,8.996092927291466,0.0,-0.009054767899215221,0.0,0.2843928337097168,-9.169217109680176,0.18632633984088898
2025-03-07 02:03:00.738659,320,240,20,20,9.04211042947718,-0.0015969761880114675,-0.0031956976745277643,0.004792673978954554,0.2843928337097168,-9.169217109680176,0.127486452460289
2025-03-07 02:03:00.769049,320,240,20,20,8.907282923073216,-0.0010646508308127522,-0.0015969761880114675,0.0015969761880114675,0.3040061295032501,-9.169217109680176,0.10787314921617508
2025-03-07 02:03:00.802937,320,240,20,20,8.993580427172128,0.0015969761880114675,-0.0026616270188242197,-0.0005323254154063761,0.2843928337097168,-9.188830375671387,0.08825984597206116
2025-03-07 02:03:00.836598,320,240,20,20,9.00929542791855,0.0005323254154063761,-0.003728023264557123,0.0026616270188242197,0.3040061295032501,-9.188830375671387,0.08825984597206116
2025-03-07 02:03:00.870808,320,240,20,20,8.818472918854969,0.0010646508308127522,-0.0026616270188242197,0.0015969761880114675,0.3040061295032501,-9.188830375671387,0.127486452460289
2025-03-07 02:03:00.909788,320,240,20,20,8.937075424488285,-0.004260348621755838,-0.004260348621755838,0.0005323254154063761,0.2843928337097168,-9.169217109680176,0.14709974825382233
2025-03-07 02:03:00.951204,320,240,20,20,8.861265420887502,-0.005859069991856813,-0.006923720706254244,0.004792673978954554,0.3040061295032501,-9.188830375671387,0.127486452460289
2025-03-07 02:03:01.014407,320,240,20,20,8.937397924503603,-0.0010646508308127522,-0.003728023264557123,0.0005323254154063761,0.3040061295032501,-9.169217109680176,0.06864655017852783
2025-03-07 02:03:01.079374,320,240,20,20,8.909407923174149,0.0,-0.006391395349055529,0.0031956976745277643,0.2843928337097168,-9.169217109680176,0.08825984597206116
2025-03-07 02:03:01.144626,320,240,20,20,8.797325417850516,-0.0010646508308127522,-0.005859069991856813,0.0010646508308127522,0.3040061295032501,-9.169217109680176,0.14709974825382233
2025-03-07 02:03:01.206287,320,240,20,20,8.855090420594205,-0.004792673978954554,-0.003728023264557123,0.0,0.3040061295032501,-9.169217109680176,0.08825984597206116
2025-03-07 02:03:01.271379,320,240,20,20,8.870467921324598,-0.004792673978954554,-0.007456046529114246,0.004260348621755838,0.3040061295032501,-9.169217109680176,0.10787314921617508
2025-03-07 02:03:01.333701,320,240,20,20,8.881997921872244,-0.005859069991856813,-0.0031956976745277643,0.003728023264557123,0.2843928337097168,-9.188830375671387,0.127486452460289
2025-03-07 02:03:01.395729,320,240,20,20,8.893595422423095,-0.004792673978954554,-0.0015969761880114675,0.003728023264557123,0.2843928337097168,-9.188830375671387,0.10787314921617508
2025-03-07 02:03:01.460533,320,240,20,20,9.082335431387765,-0.0005323254154063761,-0.006923720706254244,0.004792673978954554,0.3040061295032501,-9.169217109680176,0.06864655017852783
2025-03-07 02:03:01.526945,320,240,20,20,8.961237925635942,-0.0010646508308127522,-0.004792673978954554,0.0010646508308127522,0.2843928337097168,-9.188830375671387,0.127486452460289
2025-03-07 02:03:01.590997,320,240,20,20,8.985230426775525,-0.003728023264557123,-0.003728023264557123,0.003728023264557123,0.3040061295032501,-9.188830375671387,0.127486452460289
2025-03-07 02:03:01.654740,320,240,20,20,8.823230419080938,0.0005323254154063761,0.0021293016616255045,-0.0031956976745277643,0.2843928337097168,-9.169217109680176,0.10787314921617508
2025-03-07 02:03:01.719451,320,240,20,20,8.948872925048637,0.0026616270188242197,-0.006923720706254244,0.003728023264557123,0.3040061295032501,-9.169217109680176,0.127486452460289
2025-03-07 02:03:01.766761,320,240,20,20,8.899355422696681,0.0,-0.009054767899215221,0.0021293016616255045,0.2843928337097168,-9.169217109680176,0.10787314921617508
2025-03-07 02:03:01.798445,320,240,20,20,9.08867293168878,-0.004260348621755838,-0.007988371886312962,0.0010646508308127522,0.3040061295032501,-9.169217109680176,0.08825984597206116
2025-03-07 02:03:01.828762,320,240,20,20,8.903600422898307,0.0021293016616255045,-0.005324999336153269,0.0005323254154063761,0.3040061295032501,-9.169217109680176,0.06864655017852783
2025-03-07 02:03:01.858654,320,240,20,20,8.989230426965515,0.0015969761880114675,-0.007988371886312962,0.0015969761880114675,0.2843928337097168,-9.169217109680176,0.127486452460289
2025-03-07 02:03:01.888464,320,240,20,20,8.994837927231856,0.0,-0.006923720706254244,0.003728023264557123,0.2843928337097168,-9.169217109680176,0.14709974825382233
2025-03-07 02:03:01.917942,320,240,20,20,8.91676792352373,-0.0015969761880114675,-0.005859069991856813,0.006391395349055529,0.3040061295032501,-9.169217109680176,0.14709974825382233
2025-03-07 02:03:01.947858,320,240,20,20,9.06435543053376,-0.0005323254154063761,-0.009054767899215221,0.0010646508308127522,0.2843928337097168,-9.169217109680176,0.08825984597206116
2025-03-07 02:03:01.978137,320,240,20,20,8.914497923415912,0.0,-0.005859069991856813,0.0005323254154063761,0.3040061295032501,-9.169217109680176,0.08825984597206116
2025-03-07 02:03:02.007643,320,240,20,20,8.875782921577047,-0.0005323254154063761,-0.004792673978954554,-0.0005323254154063761,0.2843928337097168,-9.188830375671387,0.08825984597206116
2025-03-07 02:03:02.046114,320,240,20,20,8.907797923097679,0.0005323254154063761,-0.004792673978954554,0.0026616270188242197,0.2843928337097168,-9.169217109680176,0.10787314921617508
2025-03-07 02:03:02.098267,320,240,20,20,9.056445430158055,-0.0010646508308127522,-0.0031956976745277643,0.0026616270188242197,0.3040061295032501,-9.188830375671387,0.127486452460289
2025-03-07 02:03:02.147306,320,240,20,20,8.979697926512745,-0.005859069991856813,-0.009587093256413937,-0.0021293016616255045,0.2843928337097168,-9.169217109680176,0.14709974825382233
2025-03-07 02:03:02.190189,320,240,20,20,8.833757919580966,-0.0015969761880114675,-0.004792673978954554,0.006391395349055529,0.3040061295032501,-9.169217109680176,0.06864655017852783
2025-03-07 02:03:02.229999,320,240,20,20,8.871565421376726,-0.0010646508308127522,-0.007988371886312962,0.0015969761880114675,0.3040061295032501,-9.188830375671387,0.10787314921617508
2025-03-07 02:03:02.272029,320,240,20,20,8.997550427360693,0.0021293016616255045,-0.009587093256413937,0.004260348621755838,0.2843928337097168,-9.188830375671387,0.127486452460289
2025-03-07 02:03:02.315406,320,240,20,20,8.96576042585075,-0.004792673978954554,-0.009054767899215221,0.005859069991856813,0.2843928337097168,-9.169217109680176,0.10787314921617508
2025-03-07 02:03:02.359101,320,240,20,20,8.986625426841783,0.0005323254154063761,-0.0031956976745277643,0.0010646508308127522,0.3040061295032501,-9.169217109680176,0.10787314921617508
2025-03-07 02:03:02.395596,320,240,20,20,8.98585542680521,0.0015969761880114675,-0.0021293016616255045,0.0005323254154063761,0.2843928337097168,-9.169217109680176,0.06864655017852783
2025-03-07 02:03:02.426341,320,240,20,20,8.927665424041333,-0.0005323254154063761,-0.004792673978954554,0.004260348621755838,0.2843928337097168,-9.169217109680176,0.08825984597206116
2025-03-07 02:03:02.456229,320,240,20,20,8.843507920044066,-0.0005323254154063761,-0.004792673978954554,0.006391395349055529,0.3040061295032501,-9.169217109680176,0.10787314921617508
2025-03-07 02:03:02.492819,320,240,20,20,8.968735425992055,0.0005323254154063761,-0.005324999336153269,0.0021293016616255045,0.2843928337097168,-9.169217109680176,0.14709974825382233
2025-03-07 02:03:02.525810,320,240,20,20,8.988525426932028,-0.005859069991856813,-0.009054767899215221,-0.0005323254154063761,0.3040061295032501,-9.169217109680176,0.127486452460289
2025-03-07 02:03:02.570692,320,240,20,20,9.024232928628043,-0.0021293016616255045,-0.005859069991856813,-0.0005323254154063761,0.2843928337097168,-9.169217109680176,0.10787314921617508
2025-03-07 02:03:02.611990,320,240,20,20,8.887930422154023,0.0010646508308127522,-0.005324999336153269,0.004260348621755838,0.2843928337097168,-9.169217109680176,0.08825984597206116
2025-03-07 02:03:02.654900,320,240,20,20,8.923765423856093,0.0026616270188242197,-0.004260348621755838,0.0010646508308127522,0.2843928337097168,-9.169217109680176,0.14709974825382233
2025-03-07 02:03:02.707767,320,240,20,20,8.995015427240286,0.0,-0.007988371886312962,0.005859069991856813,0.3040061295032501,-9.169217109680176,0.127486452460289
2025-03-07 02:03:02.767145,320,240,20,20,8.930730424186914,-0.003728023264557123,-0.006923720706254244,-0.0005323254154063761,0.2843928337097168,-9.169217109680176,0.08825984597206116
2025-03-07 02:03:02.816806,320,240,20,20,8.859667920811626,0.0010646508308127522,-0.004792673978954554,0.0015969761880114675,0.26477953791618347,-9.169217109680176,0.08825984597206116
2025-03-07 02:03:02.862999,320,240,20,20,9.02999292890163,-0.0021293016616255045,-0.009054767899215221,0.004792673978954554,0.3040061295032501,-9.169217109680176,0.127486452460289
2025-03-07 02:03:02.905989,320,240,20,20,8.737745415020617,-0.0021293016616255045,-0.0021293016616255045,0.0015969761880114675,0.3040061295032501,-9.188830375671387,0.127486452460289
2025-03-07 02:03:02.946190,320,240,20,20,8.846407920181809,0.0015969761880114675,-0.007456046529114246,0.004260348621755838,0.2843928337097168,-9.169217109680176,0.08825984597206116
2025-03-07 02:03:02.981110,320,240,20,20,9.038610429310939,-0.0031956976745277643,-0.008520697243511677,-0.0005323254154063761,0.3040061295032501,-9.169217109680176,0.10787314921617508
2025-03-07 02:03:03.014920,320,240,20,20,8.898905422675307,0.0005323254154063761,-0.005324999336153269,0.0021293016616255045,0.3040061295032501,-9.169217109680176,0.10787314921617508
2025-03-07 02:03:03.045446,320,240,20,20,9.049147929811443,-0.003728023264557123,-0.003728023264557123,0.0,0.3040061295032501,-9.169217109680176,0.127486452460289
2025-03-07 02:03:03.075166,320,240,20,20,8.980037926528894,0.0026616270188242197,-0.005859069991856813,-0.0015969761880114675,0.2843928337097168,-9.188830375671387,0.14709974825382233
2025-03-07 02:03:03.104827,320,240,20,20,9.032580429024529,-0.0015969761880114675,-0.005324999336153269,-0.0010646508308127522,0.2843928337097168,-9.188830375671387,0.10787314921617508
2025-03-07 02:03:03.136431,320,240,20,20,8.820375418945332,0.0,-0.005324999336153269,0.005859069991856813,0.2843928337097168,-9.169217109680176,0.06864655017852783
2025-03-07 02:03:03.171681,320,240,20,20,9.027845428799628,-0.0015969761880114675,-0.005324999336153269,0.0026616270188242197,0.2843928337097168,-9.169217109680176,0.06864655017852783
2025-03-07 02:03:03.227431,320,240,20,20,8.956242925398692,0.0005323254154063761,-0.005324999336153269,0.0010646508308127522,0.3040061295032501,-9.169217109680176,0.08825984597206116
2025-03-07 02:03:03.289239,320,240,20,20,8.861697920908046,-0.004792673978954554,-0.010119418613612652,0.004792673978954554,0.2843928337097168,-9.169217109680176,0.10787314921617508
2025-03-07 02:03:03.352333,320,240,20,20,8.92932542412018,-0.0021293016616255045,-0.004260348621755838,0.004260348621755838,0.3040061295032501,-9.169217109680176,0.127486452460289
2025-03-07 02:03:03.415098,320,240,20,20,9.01755542831088,-0.005859069991856813,-0.009587093256413937,0.0026616270188242197,0.2843928337097168,-9.169217109680176,0.08825984597206116
2025-03-07 02:03:03.479008,320,240,20,20,8.944630424847128,-0.0015969761880114675,-0.009587093256413937,0.005324999336153269,0.3040061295032501,-9.169217109680176,0.127486452460289
2025-03-07 02:03:03.539798,320,240,20,20,8.849620420334395,-0.0005323254154063761,-0.005324999336153269,0.0031956976745277643,0.2843928337097168,-9.188830375671387,0.10787314921617508
2025-03-07 02:03:03.580247,320,240,20,20,9.11167543278134,0.0005323254154063761,-0.005324999336153269,0.004792673978954554,0.2843928337097168,-9.169217109680176,0.10787314921617508
2025-03-07 02:03:03.610892,320,240,20,20,9.004735427701963,-0.0005323254154063761,-0.0026616270188242197,0.0021293016616255045,0.2843928337097168,-9.169217109680176,0.127486452460289
2025-03-07 02:03:03.641309,320,240,20,20,8.939072924583161,-0.005324999336153269,-0.006391395349055529,0.0021293016616255045,0.2843928337097168,-9.169217109680176,0.10787314921617508
2025-03-07 02:03:03.671649,320,240,20,20,8.896020422538276,-0.005859069991856813,-0.004260348621755838,0.0026616270188242197,0.2843928337097168,-9.188830375671387,0.127486452460289
2025-03-07 02:03:03.703050,320,240,20,20,8.996477927309751,-0.0005323254154063761,-0.007456046529114246,-0.0026616270188242197,0.3040061295032501,-9.169217109680176,0.10787314921617508
2025-03-07 02:03:03.737051,320,240,20,20,9.1663154353766,0.0,-0.0026616270188242197,0.003728023264557123,0.3040061295032501,-9.169217109680176,0.10787314921617508
2025-03-07 02:03:03.771467,320,240,20,20,9.032290429010754,-0.0010646508308127522,-0.006391395349055529,0.0015969761880114675,0.2843928337097168,-9.169217109680176,0.08825984597206116
2025-03-07 02:03:03.804856,320,240,20,20,8.941060424677563,0.0015969761880114675,-0.009054767899215221,0.0021293016616255045,0.3040061295032501,-9.169217109680176,0.08825984597206116
2025-03-07 02:03:03.837264,320,240,20,20,8.928800424095243,-0.0031956976745277643,-0.004792673978954554,0.004792673978954554,0.3040061295032501,-9.169217109680176,0.127486452460289
2025-03-07 02:03:03.870913,320,240,20,20,8.743580415297766,0.0010646508308127522,-0.0015969761880114675,-0.0015969761880114675,0.3040061295032501,-9.169217109680176,0.127486452460289
2025-03-07 02:03:03.905449,320,240,20,20,8.98953792698012,-0.0026616270188242197,-0.006391395349055529,0.0005323254154063761,0.3040061295032501,-9.169217109680176,0.10787314921617508
2025-03-07 02:03:03.936446,320,240,20,20,8.943387924788112,-0.0021293016616255045,-0.007988371886312962,0.004260348621755838,0.2843928337097168,-9.169217109680176,0.08825984597206116
2025-03-07 02:03:03.975052,320,240,20,20,8.9017854228121,0.0021293016616255045,-0.004792673978954554,0.0031956976745277643,0.2843928337097168,-9.169217109680176,0.08825984597206116
2025-03-07 02:03:04.006881,320,240,20,20,8.884615421996568,0.0015969761880114675,-0.005324999336153269,0.0021293016616255045,0.2843928337097168,-9.169217109680176,0.08825984597206116
2025-03-07 02:03:04.036755,320,240,20,20,8.882332921888155,-0.0021293016616255045,-0.0005323254154063761,0.0021293016616255045,0.2843928337097168,-9.169217109680176,0.127486452460289
2025-03-07 02:03:04.070517,320,240,20,20,8.978442926453136,0.0005323254154063761,-0.0031956976745277643,0.0031956976745277643,0.2843928337097168,-9.169217109680176,0.127486452460289
2025-03-07 02:03:04.106269,320,240,20,20,8.966272925875092,-0.0010646508308127522,-0.005859069991856813,0.004260348621755838,0.26477953791618347,-9.169217109680176,0.10787314921617508
2025-03-07 02:03:04.136852,320,240,20,20,8.778962916978344,-0.0010646508308127522,-0.014379767701029778,-0.0005323254154063761,0.2843928337097168,-9.169217109680176,0.08825984597206116
2025-03-07 02:03:04.174254,320,240,20,20,8.986802926850213,-0.0021293016616255045,-0.0031956976745277643,0.0010646508308127522,0.2843928337097168,-9.169217109680176,0.06864655017852783
2025-03-07 02:03:04.205668,320,240,20,20,8.90078792276472,-0.0026616270188242197,-0.005859069991856813,-0.0015969761880114675,0.2843928337097168,-9.169217109680176,0.10787314921617508
2025-03-07 02:03:04.244393,320,240,20,20,8.753375415763003,0.0005323254154063761,-0.0031956976745277643,0.0010646508308127522,0.2843928337097168,-9.169217109680176,0.127486452460289
2025-03-07 02:03:04.283337,320,240,20,20,8.850410420371919,0.0015969761880114675,-0.0015969761880114675,0.0015969761880114675,0.2843928337097168,-9.169217109680176,0.10787314921617508
2025-03-07 02:03:04.324171,320,240,20,20,8.976637926367403,-0.003728023264557123,-0.007988371886312962,0.0005323254154063761,0.2843928337097168,-9.188830375671387,0.10787314921617508
2025-03-07 02:03:04.364057,320,240,20,20,8.866990421159425,0.0005323254154063761,-0.005859069991856813,0.004260348621755838,0.2843928337097168,-9.188830375671387,0.10787314921617508
2025-03-07 02:03:04.401423,320,240,20,20,8.914607923421135,0.0021293016616255045,-0.005324999336153269,0.007456046529114246,0.2843928337097168,-9.169217109680176,0.10787314921617508
2025-03-07 02:03:04.439977,320,240,20,20,8.910502923226158,-0.0015969761880114675,-0.0031956976745277643,0.0031956976745277643,0.2843928337097168,-9.188830375671387,0.10787314921617508
2025-03-07 02:03:04.477343,320,240,20,20,8.96814792596415,-0.0015969761880114675,-0.007988371886312962,0.0021293016616255045,0.3040061295032501,-9.169217109680176,0.127486452460289
2025-03-07 02:03:04.509303,320,240,20,20,8.992095427101594,-0.0010646508308127522,-0.0021293016616255045,0.0005323254154063761,0.3040061295032501,-9.169217109680176,0.127486452460289
2025-03-07 02:03:04.539344,320,240,20,20,8.980950426572235,-0.0015969761880114675,-0.005859069991856813,-0.0005323254154063761,0.3040061295032501,-9.188830375671387,0.08825984597206116
2025-03-07 02:03:04.569984,320,240,20,20,9.124237933378026,0.0015969761880114675,-0.0010646508308127522,-0.0010646508308127522,0.2843928337097168,-9.169217109680176,0.10787314921617508
2025-03-07 02:03:04.608840,320,240,20,20,8.971835426139297,0.0010646508308127522,-0.008520697243511677,0.0010646508308127522,0.3040061295032501,-9.169217109680176,0.10787314921617508
2025-03-07 02:03:04.640079,320,240,20,20,8.99077042703866,-0.0031956976745277643,-0.0010646508308127522,0.0021293016616255045,0.3040061295032501,-9.169217109680176,0.127486452460289
2025-03-07 02:03:04.670572,320,240,20,20,8.914110423397506,-0.0015969761880114675,-0.004260348621755838,0.0021293016616255045,0.2843928337097168,-9.188830375671387,0.127486452460289
2025-03-07 02:03:04.705258,320,240,20,20,8.897550422610948,0.0,-0.005324999336153269,0.0010646508308127522,0.3040061295032501,-9.188830375671387,0.10787314921617508
2025-03-07 02:03:04.738873,320,240,20,20,8.93543542441039,-0.0015969761880114675,-0.006923720706254244,0.0021293016616255045,0.2843928337097168,-9.169217109680176,0.10787314921617508
2025-03-07 02:03:04.772519,320,240,20,20,8.988420426927041,-0.0015969761880114675,-0.007988371886312962,0.0021293016616255045,0.2843928337097168,-9.169217109680176,0.08825984597206116
2025-03-07 02:03:04.803848,320,240,20,20,8.904600422945805,0.0026616270188242197,-0.004792673978954554,0.0026616270188242197,0.3040061295032501,-9.169217109680176,0.10787314921617508
2025-03-07 02:03:04.839990,320,240,20,20,8.994575427219388,-0.005859069991856813,-0.006391395349055529,0.0026616270188242197,0.3040061295032501,-9.149603843688965,0.127486452460289
2025-03-07 02:03:04.870654,320,240,20,20,9.15031793461676,-0.0010646508308127522,-0.011184069328010082,0.0015969761880114675,0.2843928337097168,-9.169217109680176,0.10787314921617508
2025-03-07 02:03:04.906376,320,240,20,20,8.922892923814652,0.0010646508308127522,-0.007456046529114246,-0.0010646508308127522,0.3040061295032501,-9.169217109680176,0.08825984597206116
2025-03-07 02:03:04.937365,320,240,20,20,9.088387931675243,-0.0021293016616255045,-0.009054767899215221,0.0021293016616255045,0.2843928337097168,-9.169217109680176,0.08825984597206116
2025-03-07 02:03:04.972747,320,240,20,20,8.859940420824568,0.0026616270188242197,-0.0021293016616255045,-0.0031956976745277643,0.3040061295032501,-9.169217109680176,0.08825984597206116
2025-03-07 02:03:05.004564,320,240,20,20,8.944432924837747,-0.0031956976745277643,-0.0026616270188242197,0.0026616270188242197,0.2843928337097168,-9.169217109680176,0.10787314921617508
2025-03-07 02:03:05.040041,320,240,20,20,8.927985424056534,-0.006391395349055529,-0.005859069991856813,0.005324999336153269,0.2843928337097168,-9.169217109680176,0.127486452460289
2025-03-07 02:03:05.070698,320,240,20,20,8.781907917118223,-0.0005323254154063761,-0.006391395349055529,-0.004792673978954554,0.3040061295032501,-9.169217109680176,0.10787314921617508
2025-03-07 02:03:05.108053,320,240,20,20,9.010482927974953,0.0015969761880114675,-0.005324999336153269,0.0021293016616255045,0.2843928337097168,-9.188830375671387,0.08825984597206116
2025-03-07 02:03:05.138997,320,240,20,20,8.916222923497845,-0.0021293016616255045,-0.004260348621755838,0.0,0.3040061295032501,-9.188830375671387,0.08825984597206116
2025-03-07 02:03:05.171143,320,240,20,20,8.91867792361445,-0.0005323254154063761,-0.009054767899215221,0.0005323254154063761,0.3040061295032501,-9.188830375671387,0.10787314921617508
2025-03-07 02:03:05.205905,320,240,20,20,9.085935431558756,-0.0005323254154063761,-0.003728023264557123,0.0031956976745277643,0.2843928337097168,-9.169217109680176,0.10787314921617508
2025-03-07 02:03:05.237837,320,240,20,20,8.964777925804082,-0.0010646508308127522,-0.006391395349055529,0.003728023264557123,0.2843928337097168,-9.169217109680176,0.127486452460289
2025-03-07 02:03:05.272232,320,240,20,20,8.987505426883581,-0.005324999336153269,-0.005859069991856813,0.0010646508308127522,0.3040061295032501,-9.188830375671387,0.10787314921617508
2025-03-07 02:03:05.310300,320,240,20,20,8.872237921408669,0.0021293016616255045,-0.009054767899215221,0.0031956976745277643,0.2843928337097168,-9.169217109680176,0.08825984597206116
2025-03-07 02:03:05.349437,320,240,20,20,9.047665429741027,-0.0005323254154063761,-0.004260348621755838,0.0026616270188242197,0.2843928337097168,-9.169217109680176,0.08825984597206116
2025-03-07 02:03:05.389036,320,240,20,20,8.845640420145354,-0.003728023264557123,-0.004260348621755838,0.0031956976745277643,0.2843928337097168,-9.169217109680176,0.10787314921617508
2025-03-07 02:03:05.428446,320,240,20,20,9.111135432755692,0.0010646508308127522,-0.006391395349055529,0.0,0.3040061295032501,-9.169217109680176,0.08825984597206116
2025-03-07 02:03:05.469723,320,240,20,20,8.97330042620888,0.0005323254154063761,-0.004792673978954554,0.0021293016616255045,0.2843928337097168,-9.169217109680176,0.10787314921617508
2025-03-07 02:03:05.509759,320,240,20,20,9.003680427651853,-0.0010646508308127522,-0.003728023264557123,0.0021293016616255045,0.2843928337097168,-9.169217109680176,0.10787314921617508
2025-03-07 02:03:05.548351,320,240,20,20,9.002782927609223,0.0010646508308127522,-0.003728023264557123,0.0005323254154063761,0.2843928337097168,-9.169217109680176,0.10787314921617508
2025-03-07 02:03:05.587340,320,240,20,20,9.103010432369775,0.0031956976745277643,-0.0015969761880114675,0.0031956976745277643,0.3040061295032501,-9.169217109680176,0.08825984597206116
2025-03-07 02:03:05.626595,320,240,20,20,8.929610424133717,-0.003728023264557123,-0.0026616270188242197,0.0010646508308127522,0.3040061295032501,-9.169217109680176,0.10787314921617508
2025-03-07 02:03:05.666708,320,240,20,20,8.87818292169104,-0.004792673978954554,-0.007456046529114246,0.005324999336153269,0.3040061295032501,-9.188830375671387,0.10787314921617508
2025-03-07 02:03:05.705649,320,240,20,20,8.943460424791557,0.0,-0.006923720706254244,0.0,0.2843928337097168,-9.169217109680176,0.10787314921617508
2025-03-07 02:03:05.743010,320,240,20,20,9.006127927768102,0.0005323254154063761,-0.011718139983713627,0.0021293016616255045,0.2843928337097168,-9.169217109680176,0.08825984597206116
2025-03-07 02:03:05.781001,320,240,20,20,9.00006292748003,-0.0005323254154063761,-0.005859069991856813,0.0031956976745277643,0.2843928337097168,-9.169217109680176,0.08825984597206116
2025-03-07 02:03:05.818572,320,240,20,20,9.020245428438647,-0.0015969761880114675,-0.007456046529114246,0.0026616270188242197,0.2843928337097168,-9.169217109680176,0.10787314921617508
2025-03-07 02:03:05.857375,320,240,20,20,8.938862924573186,0.0015969761880114675,-0.004260348621755838,0.0026616270188242197,0.3040061295032501,-9.188830375671387,0.127486452460289
2025-03-07 02:03:05.896051,320,240,20,20,9.142152934228942,0.0,-0.0005323254154063761,0.0,0.3040061295032501,-9.188830375671387,0.10787314921617508
2025-03-07 02:03:05.934149,320,240,20,20,8.951210425159662,0.0010646508308127522,-0.0031956976745277643,0.0010646508308127522,0.3040061295032501,-9.169217109680176,0.08825984597206116
2025-03-07 02:03:05.973009,320,240,20,20,8.802522918097385,0.003728023264557123,-0.006923720706254244,0.0005323254154063761,0.2843928337097168,-9.169217109680176,0.10787314921617508
2025-03-07 02:03:06.010722,320,240,20,20,8.886350422078976,0.0,0.0015969761880114675,0.0010646508308127522,0.2843928337097168,-9.169217109680176,0.08825984597206116
2025-03-07 02:03:06.048583,320,240,20,20,8.981530426599784,0.0015969761880114675,-0.005324999336153269,0.0,0.3040061295032501,-9.169217109680176,0.10787314921617508
2025-03-07 02:03:06.082093,320,240,20,20,9.11905793313199,0.0010646508308127522,-0.006923720706254244,0.0015969761880114675,0.3040061295032501,-9.169217109680176,0.10787314921617508
2025-03-07 02:03:06.111965,320,240,20,20,8.942552924748451,-0.0026616270188242197,-0.006391395349055529,0.0015969761880114675,0.3040061295032501,-9.169217109680176,0.08825984597206116
2025-03-07 02:03:06.141894,320,240,20,20,8.98157792660204,-0.0015969761880114675,-0.0026616270188242197,0.003728023264557123,0.3040061295032501,-9.169217109680176,0.10787314921617508
2025-03-07 02:03:06.171602,320,240,20,20,8.916347923503782,-0.003728023264557123,-0.005324999336153269,0.0005323254154063761,0.2843928337097168,-9.169217109680176,0.08825984597206116
2025-03-07 02:03:06.204256,320,240,20,20,8.994597927220457,0.0,-0.0005323254154063761,0.004260348621755838,0.3040061295032501,-9.169217109680176,0.127486452460289
2025-03-07 02:03:06.241394,320,240,20,20,9.064120430522598,0.0010646508308127522,-0.0010646508308127522,0.004260348621755838,0.3040061295032501,-9.188830375671387,0.10787314921617508
2025-03-07 02:03:06.275784,320,240,20,20,8.993242927156098,-0.0031956976745277643,0.0,0.0010646508308127522,0.3040061295032501,-9.169217109680176,0.10787314921617508
2025-03-07 02:03:06.316830,320,240,20,20,9.09454293196759,-0.0026616270188242197,-0.005859069991856813,0.0015969761880114675,0.3040061295032501,-9.169217109680176,0.10787314921617508
2025-03-07 02:03:06.354485,320,240,20,20,8.971942926144402,-0.0005323254154063761,-0.004792673978954554,0.0,0.2843928337097168,-9.188830375671387,0.08825984597206116
2025-03-07 02:03:06.391816,320,240,20,20,8.976322926352442,0.0005323254154063761,-0.0031956976745277643,0.004260348621755838,0.2843928337097168,-9.169217109680176,0.10787314921617508
2025-03-07 02:03:06.430481,320,240,20,20,8.881265421837451,0.0015969761880114675,-0.006391395349055529,0.0031956976745277643,0.3040061295032501,-9.169217109680176,0.10787314921617508
2025-03-07 02:03:06.468765,320,240,20,20,8.925572923941946,0.0015969761880114675,-0.006923720706254244,-0.0026616270188242197,0.2843928337097168,-9.188830375671387,0.10787314921617508
2025-03-07 02:03:06.507087,320,240,20,20,8.954807925330533,-0.0015969761880114675,-0.007456046529114246,0.005324999336153269,0.3040061295032501,-9.169217109680176,0.10787314921617508
2025-03-07 02:03:06.543312,320,240,20,20,8.911150423256913,-0.0026616270188242197,-0.004260348621755838,0.0015969761880114675,0.2843928337097168,-9.169217109680176,0.08825984597206116
2025-03-07 02:03:06.575698,320,240,20,20,8.909737923189823,0.0005323254154063761,-0.007456046529114246,0.0,0.2843928337097168,-9.169217109680176,0.10787314921617508
2025-03-07 02:03:06.606258,320,240,20,20,8.849045420307084,-0.0015969761880114675,-0.0026616270188242197,0.003728023264557123,0.2843928337097168,-9.169217109680176,0.127486452460289
2025-03-07 02:03:06.638177,320,240,20,20,8.875005421540118,0.0010646508308127522,-0.0026616270188242197,0.0031956976745277643,0.3040061295032501,-9.169217109680176,0.127486452460289
2025-03-07 02:03:06.683481,320,240,20,20,8.99397542719089,-0.0010646508308127522,-0.010119418613612652,0.0010646508308127522,0.2843928337097168,-9.169217109680176,0.08825984597206116
2025-03-07 02:03:06.725474,320,240,20,20,8.97150792612374,0.0005323254154063761,-0.007988371886312962,0.0031956976745277643,0.2843928337097168,-9.169217109680176,0.08825984597206116
2025-03-07 02:03:06.767544,320,240,20,20,8.892137922353868,0.0005323254154063761,-0.004792673978954554,0.0,0.3040061295032501,-9.169217109680176,0.08825984597206116
2025-03-07 02:03:06.809928,320,240,20,20,8.802555418098928,-0.003728023264557123,-0.003728023264557123,0.005324999336153269,0.2843928337097168,-9.188830375671387,0.10787314921617508
2025-03-07 02:03:06.848780,320,240,20,20,8.90473042295198,-0.0031956976745277643,-0.003728023264557123,0.005859069991856813,0.2843928337097168,-9.169217109680176,0.127486452460289
2025-03-07 02:03:06.880543,320,240,20,20,9.057027930185722,-0.0005323254154063761,-0.006391395349055529,-0.0005323254154063761,0.3040061295032501,-9.169217109680176,0.10787314921617508
2025-03-07 02:03:06.911271,320,240,20,20,8.788812917446194,-0.005324999336153269,-0.0031956976745277643,0.0021293016616255045,0.3040061295032501,-9.149603843688965,0.08825984597206116
2025-03-07 02:03:06.941916,320,240,20,20,8.828147919314507,-0.0026616270188242197,-0.007456046529114246,0.0031956976745277643,0.3040061295032501,-9.188830375671387,0.10787314921617508
2025-03-07 02:03:06.972151,320,240,20,20,9.088845431696972,-0.0026616270188242197,-0.010119418613612652,0.0031956976745277643,0.3040061295032501,-9.169217109680176,0.10787314921617508
2025-03-07 02:03:07.005474,320,240,20,20,9.02511542866996,-0.0005323254154063761,-0.010119418613612652,0.0010646508308127522,0.2843928337097168,-9.169217109680176,0.127486452460289
2025-03-07 02:03:07.039625,320,240,20,20,9.027807928797847,-0.004792673978954554,-0.005324999336153269,0.0031956976745277643,0.3040061295032501,-9.169217109680176,0.08825984597206116
2025-03-07 02:03:07.072221,320,240,20,20,8.988765426943427,0.0005323254154063761,-0.0026616270188242197,0.0031956976745277643,0.3040061295032501,-9.169217109680176,0.10787314921617508
2025-03-07 02:03:07.106646,320,240,20,20,8.884550421993481,0.0026616270188242197,-0.004260348621755838,0.006391395349055529,0.2843928337097168,-9.169217109680176,0.10787314921617508
2025-03-07 02:03:07.139399,320,240,20,20,8.876880421629176,0.0,-0.007988371886312962,0.0021293016616255045,0.2843928337097168,-9.169217109680176,0.08825984597206116
2025-03-07 02:03:07.171699,320,240,20,20,8.904102922922174,0.0021293016616255045,-0.005859069991856813,0.0015969761880114675,0.2843928337097168,-9.169217109680176,0.127486452460289
2025-03-07 02:03:07.205670,320,240,20,20,8.88530792202946,-0.0015969761880114675,-0.005324999336153269,0.003728023264557123,0.2843928337097168,-9.149603843688965,0.08825984597206116
2025-03-07 02:03:07.240883,320,240,20,20,8.925090423919027,-0.0010646508308127522,-0.007988371886312962,0.0015969761880114675,0.3040061295032501,-9.169217109680176,0.127486452460289
2025-03-07 02:03:07.271717,320,240,20,20,8.91969042366254,0.0005323254154063761,-0.0026616270188242197,0.0026616270188242197,0.2843928337097168,-9.188830375671387,0.06864655017852783
2025-03-07 02:03:07.305953,320,240,20,20,8.93264542427787,0.0010646508308127522,-0.004792673978954554,0.0026616270188242197,0.2843928337097168,-9.169217109680176,0.10787314921617508
2025-03-07 02:03:07.338855,320,240,20,20,8.833962919590704,-0.0015969761880114675,-0.007456046529114246,-0.0010646508308127522,0.3040061295032501,-9.188830375671387,0.08825984597206116
2025-03-07 02:03:07.371846,320,240,20,20,8.875655421570992,-0.0005323254154063761,-0.008520697243511677,0.0005323254154063761,0.2843928337097168,-9.169217109680176,0.10787314921617508
2025-03-07 02:03:07.405835,320,240,20,20,8.956897925429804,-0.005859069991856813,-0.004260348621755838,0.003728023264557123,0.2843928337097168,-9.169217109680176,0.10787314921617508
2025-03-07 02:03:07.448662,320,240,20,20,8.852442920468457,-0.0021293016616255045,-0.005859069991856813,0.0026616270188242197,0.3040061295032501,-9.169217109680176,0.10787314921617508
2025-03-07 02:03:07.490468,320,240,20,20,8.969575426031952,-0.0026616270188242197,-0.0026616270188242197,-0.0010646508308127522,0.3040061295032501,-9.169217109680176,0.10787314921617508
2025-03-07 02:03:07.534248,320,240,20,20,8.963675425751717,0.0005323254154063761,-0.006923720706254244,-0.0005323254154063761,0.2843928337097168,-9.169217109680176,0.10787314921617508
2025-03-07 02:03:07.578081,320,240,20,20,8.856687920670083,0.0,-0.009587093256413937,0.005859069991856813,0.3040061295032501,-9.169217109680176,0.08825984597206116
2025-03-07 02:03:07.616299,320,240,20,20,9.051607929928286,-0.0031956976745277643,-0.009054767899215221,0.0010646508308127522,0.3040061295032501,-9.169217109680176,0.127486452460289
2025-03-07 02:03:07.653399,320,240,20,20,8.92369292385265,-0.0010646508308127522,-0.004260348621755838,0.003728023264557123,0.2843928337097168,-9.188830375671387,0.08825984597206116
2025-03-07 02:03:07.685478,320,240,20,20,9.026472928734439,-0.0031956976745277643,-0.0021293016616255045,0.004260348621755838,0.3040061295032501,-9.169217109680176,0.08825984597206116
2025-03-07 02:03:07.715057,320,240,20,20,8.87569542157289,-0.0031956976745277643,-0.005324999336153269,0.0031956976745277643,0.2843928337097168,-9.188830375671387,0.08825984597206116
2025-03-07 02:03:07.744801,320,240,20,20,8.924477923889935,0.0015969761880114675,-0.0010646508308127522,0.0005323254154063761,0.3040061295032501,-9.188830375671387,0.10787314921617508
2025-03-07 02:03:07.774578,320,240,20,20,8.946685424944736,-0.005324999336153269,-0.008520697243511677,0.0021293016616255045,0.3040061295032501,-9.188830375671387,0.127486452460289
2025-03-07 02:03:07.804685,320,240,20,20,9.082717931405933,-0.0021293016616255045,-0.009054767899215221,0.0015969761880114675,0.3040061295032501,-9.169217109680176,0.10787314921617508
2025-03-07 02:03:07.849583,320,240,20,20,8.870947921347398,0.0015969761880114675,-0.005859069991856813,-0.0005323254154063761,0.3040061295032501,-9.188830375671387,0.127486452460289
2025-03-07 02:03:07.890972,320,240,20,20,8.90280042286031,-0.0021293016616255045,-0.011718139983713627,-0.0015969761880114675,0.3040061295032501,-9.188830375671387,0.10787314921617508
2025-03-07 02:03:07.923906,320,240,20,20,8.939630424609641,0.0015969761880114675,-0.005859069991856813,0.0005323254154063761,0.2843928337097168,-9.169217109680176,0.10787314921617508
2025-03-07 02:03:07.954834,320,240,20,20,9.065552930590638,-0.0005323254154063761,-0.004792673978954554,0.0015969761880114675,0.3040061295032501,-9.188830375671387,0.10787314921617508
2025-03-07 02:03:07.985306,320,240,20,20,9.019212928389607,-0.0005323254154063761,-0.007456046529114246,0.005324999336153269,0.3040061295032501,-9.169217109680176,0.10787314921617508
2025-03-07 02:03:08.014712,320,240,20,20,8.93587042443105,-0.0010646508308127522,-0.006923720706254244,0.0015969761880114675,0.2843928337097168,-9.188830375671387,0.127486452460289
2025-03-07 02:03:08.044527,320,240,20,20,8.92242042379221,-0.0021293016616255045,-0.006391395349055529,0.0005323254154063761,0.3040061295032501,-9.169217109680176,0.08825984597206116
2025-03-07 02:03:08.074857,320,240,20,20,8.988710426940816,-0.0031956976745277643,-0.006391395349055529,-0.0005323254154063761,0.3040061295032501,-9.169217109680176,0.08825984597206116
2025-03-07 02:03:08.105145,320,240,20,20,9.060165430334745,0.0005323254154063761,-0.004260348621755838,0.0021293016616255045,0.3040061295032501,-9.169217109680176,0.08825984597206116
2025-03-07 02:03:08.140987,320,240,20,20,9.036190429195994,-0.004792673978954554,-0.005324999336153269,0.0021293016616255045,0.3040061295032501,-9.188830375671387,0.10787314921617508
2025-03-07 02:03:08.172166,320,240,20,20,8.902855422862922,0.0010646508308127522,-0.003728023264557123,0.0010646508308127522,0.2843928337097168,-9.188830375671387,0.127486452460289
2025-03-07 02:03:08.205498,320,240,20,20,8.973840426234528,0.0026616270188242197,-0.007456046529114246,0.0,0.2843928337097168,-9.149603843688965,0.10787314921617508
2025-03-07 02:03:08.238815,320,240,20,20,8.975622926319193,-0.0005323254154063761,-0.006391395349055529,0.0010646508308127522,0.2843928337097168,-9.169217109680176,0.127486452460289
2025-03-07 02:03:08.274437,320,240,20,20,8.88803542215901,-0.0015969761880114675,-0.0031956976745277643,0.004792673978954554,0.3040061295032501,-9.188830375671387,0.10787314921617508
2025-03-07 02:03:08.306346,320,240,20,20,8.879912921773212,-0.0005323254154063761,-0.0026616270188242197,0.0021293016616255045,0.3040061295032501,-9.169217109680176,0.10787314921617508
2025-03-07 02:03:08.340319,320,240,20,20,8.946020424913149,-0.004260348621755838,-0.006391395349055529,-0.0010646508308127522,0.3040061295032501,-9.169217109680176,0.10787314921617508
2025-03-07 02:03:08.373477,320,240,20,20,8.97216542615497,0.0015969761880114675,-0.009587093256413937,-0.0021293016616255045,0.3040061295032501,-9.169217109680176,0.10787314921617508
2025-03-07 02:03:08.406087,320,240,20,20,8.899442922700837,0.003728023264557123,-0.0015969761880114675,-0.0010646508308127522,0.2843928337097168,-9.169217109680176,0.127486452460289
2025-03-07 02:03:08.440243,320,240,20,20,8.821680419007317,0.0005323254154063761,-0.003728023264557123,0.004260348621755838,0.2843928337097168,-9.188830375671387,0.10787314921617508
2025-03-07 02:03:08.471832,320,240,20,20,9.018752928367757,0.0021293016616255045,-0.007456046529114246,0.0026616270188242197,0.2843928337097168,-9.169217109680176,0.08825984597206116
2025-03-07 02:03:08.512436,320,240,20,20,9.041802929462573,-0.0015969761880114675,-0.0031956976745277643,0.0010646508308127522,0.2843928337097168,-9.169217109680176,0.10787314921617508
2025-03-07 02:03:08.551858,320,240,20,20,8.851090420404216,-0.0015969761880114675,-0.006923720706254244,0.0,0.3040061295032501,-9.169217109680176,0.10787314921617508
2025-03-07 02:03:08.589126,320,240,20,20,8.964460425789003,-0.0015969761880114675,-0.0026616270188242197,0.0026616270188242197,0.3040061295032501,-9.169217109680176,0.127486452460289
2025-03-07 02:03:08.624413,320,240,20,20,8.929210424114718,-0.0010646508308127522,-0.007456046529114246,-0.0015969761880114675,0.3040061295032501,-9.169217109680176,0.10787314921617508
2025-03-07 02:03:08.654906,320,240,20,20,8.916007923487632,-0.0031956976745277643,-0.010651743970811367,0.0026616270188242197,0.3040061295032501,-9.169217109680176,0.10787314921617508
2025-03-07 02:03:08.694731,320,240,20,20,9.142512934246042,-0.0015969761880114675,-0.007456046529114246,0.0021293016616255045,0.3040061295032501,-9.169217109680176,0.08825984597206116
2025-03-07 02:03:08.735002,320,240,20,20,9.062575430449215,-0.0021293016616255045,-0.008520697243511677,0.003728023264557123,0.3040061295032501,-9.169217109680176,0.08825984597206116
2025-03-07 02:03:08.774939,320,240,20,20,9.014742928177293,0.0021293016616255045,-0.007456046529114246,-0.0021293016616255045,0.3040061295032501,-9.188830375671387,0.127486452460289
2025-03-07 02:03:08.815821,320,240,20,20,8.990842927042104,-0.005859069991856813,-0.010651743970811367,0.0010646508308127522,0.2843928337097168,-9.188830375671387,0.127486452460289
2025-03-07 02:03:08.876802,320,240,20,20,9.063635430499563,0.0015969761880114675,-0.008520697243511677,0.0026616270188242197,0.3040061295032501,-9.188830375671387,0.10787314921617508
2025-03-07 02:03:08.936679,320,240,20,20,8.932017924248067,0.0005323254154063761,-0.009054767899215221,0.004260348621755838,0.3040061295032501,-9.188830375671387,0.10787314921617508
2025-03-07 02:03:08.999437,320,240,20,20,8.889082922208763,0.0015969761880114675,-0.006391395349055529,0.003728023264557123,0.3040061295032501,-9.169217109680176,0.127486452460289
2025-03-07 02:03:09.063013,320,240,20,20,9.046697929695075,-0.0031956976745277643,-0.007456046529114246,0.0010646508308127522,0.2843928337097168,-9.169217109680176,0.10787314921617508
2025-03-07 02:03:09.120231,320,240,20,20,9.043360429536552,0.0021293016616255045,-0.0010646508308127522,0.0026616270188242197,0.2843928337097168,-9.169217109680176,0.08825984597206116
2025-03-07 02:03:09.181588,320,240,20,20,9.058927930275967,0.0005323254154063761,-0.006923720706254244,-0.0026616270188242197,0.3040061295032501,-9.149603843688965,0.08825984597206116
2025-03-07 02:03:09.244740,320,240,20,20,8.958917925525748,-0.0026616270188242197,-0.005324999336153269,0.004792673978954554,0.2843928337097168,-9.169217109680176,0.127486452460289
2025-03-07 02:03:09.307771,320,240,20,20,8.858112920737767,-0.005324999336153269,-0.006391395349055529,-0.0015969761880114675,0.3040061295032501,-9.169217109680176,0.08825984597206116
2025-03-07 02:03:09.369225,320,240,20,20,9.002347927588563,0.0005323254154063761,-0.007456046529114246,0.0010646508308127522,0.3040061295032501,-9.149603843688965,0.10787314921617508
2025-03-07 02:03:09.430642,320,240,20,20,8.91782292357384,-0.0015969761880114675,-0.006923720706254244,-0.0005323254154063761,0.3040061295032501,-9.169217109680176,0.10787314921617508
2025-03-07 02:03:09.494043,320,240,20,20,8.929972924150935,-0.0026616270188242197,-0.009054767899215221,0.005324999336153269,0.3040061295032501,-9.188830375671387,0.08825984597206116
2025-03-07 02:03:09.556512,320,240,20,20,8.933870424336055,0.004260348621755838,-0.011184069328010082,0.0026616270188242197,0.3040061295032501,-9.169217109680176,0.08825984597206116
2025-03-07 02:03:09.619033,320,240,20,20,9.121912933267595,-0.0031956976745277643,-0.007456046529114246,0.0026616270188242197,0.2843928337097168,-9.169217109680176,0.127486452460289
2025-03-07 02:03:09.665124,320,240,20,20,8.971285426113173,0.0,-0.004792673978954554,0.004792673978954554,0.3040061295032501,-9.169217109680176,0.08825984597206116
2025-03-07 02:03:09.705535,320,240,20,20,9.002862927613023,-0.0031956976745277643,-0.007456046529114246,0.0026616270188242197,0.2843928337097168,-9.169217109680176,0.10787314921617508
2025-03-07 02:03:09.743714,320,240,20,20,8.89390542243782,-0.0005323254154063761,-0.004260348621755838,0.0021293016616255045,0.3040061295032501,-9.169217109680176,0.127486452460289
2025-03-07 02:03:09.774347,320,240,20,20,8.892065422350424,0.0015969761880114675,-0.007456046529114246,0.0026616270188242197,0.2843928337097168,-9.169217109680176,0.127486452460289
2025-03-07 02:03:09.813017,320,240,20,20,8.949100425059441,-0.0015969761880114675,-0.0031956976745277643,0.005324999336153269,0.3040061295032501,-9.169217109680176,0.10787314921617508
2025-03-07 02:03:09.843844,320,240,20,20,9.086817931600672,-0.004260348621755838,-0.005859069991856813,0.0026616270188242197,0.2843928337097168,-9.169217109680176,0.08825984597206116
2025-03-07 02:03:09.873974,320,240,20,20,8.98951792697917,-0.0015969761880114675,-0.003728023264557123,0.0015969761880114675,0.3040061295032501,-9.169217109680176,0.08825984597206116
2025-03-07 02:03:09.930037,320,240,20,20,8.885520422039553,-0.0010646508308127522,-0.009587093256413937,0.0021293016616255045,0.2843928337097168,-9.169217109680176,0.08825984597206116
2025-03-07 02:03:09.990347,320,240,20,20,9.09943793220009,0.0031956976745277643,-0.003728023264557123,0.005859069991856813,0.2843928337097168,-9.188830375671387,0.127486452460289
2025-03-07 02:03:10.051526,320,240,20,20,9.102020432322751,-0.0021293016616255045,-0.0026616270188242197,0.0031956976745277643,0.3040061295032501,-9.169217109680176,0.10787314921617508
2025-03-07 02:03:10.114056,320,240,20,20,8.911950423294911,0.0,-0.004260348621755838,0.005324999336153269,0.3040061295032501,-9.169217109680176,0.10787314921617508
2025-03-07 02:03:10.178178,320,240,20,20,9.025647928695253,0.0026616270188242197,-0.0026616270188242197,0.0015969761880114675,0.2843928337097168,-9.169217109680176,0.10787314921617508
2025-03-07 02:03:10.239808,320,240,20,20,8.886200422071852,-0.003728023264557123,-0.006923720706254244,0.0010646508308127522,0.2843928337097168,-9.169217109680176,0.10787314921617508
2025-03-07 02:03:10.291540,320,240,20,20,8.90308042287361,-0.0031956976745277643,-0.0031956976745277643,0.0021293016616255045,0.2843928337097168,-9.188830375671387,0.08825984597206116
2025-03-07 02:03:10.325425,320,240,20,20,9.025527928689552,0.0010646508308127522,-0.004792673978954554,0.0021293016616255045,0.3040061295032501,-9.169217109680176,0.10787314921617508
2025-03-07 02:03:10.355776,320,240,20,20,9.050025429853122,-0.004260348621755838,-0.010119418613612652,0.004260348621755838,0.2843928337097168,-9.169217109680176,0.10787314921617508
2025-03-07 02:03:10.386285,320,240,20,20,8.897850422625197,-0.0031956976745277643,-0.009587093256413937,0.0010646508308127522,0.3040061295032501,-9.169217109680176,0.127486452460289
2025-03-07 02:03:10.416548,320,240,20,20,8.915025423440966,-0.004260348621755838,-0.006391395349055529,0.0026616270188242197,0.2843928337097168,-9.188830375671387,0.10787314921617508
2025-03-07 02:03:10.472515,320,240,20,20,8.966052925864641,0.0021293016616255045,-0.0021293016616255045,0.0015969761880114675,0.3040061295032501,-9.169217109680176,0.08825984597206116
2025-03-07 02:03:10.534422,320,240,20,20,9.035257929151703,0.0005323254154063761,-0.0021293016616255045,0.0021293016616255045,0.3040061295032501,-9.188830375671387,0.10787314921617508
2025-03-07 02:03:10.588882,320,240,20,20,8.965507925838756,0.0021293016616255045,-0.005324999336153269,-0.0010646508308127522,0.2843928337097168,-9.169217109680176,0.10787314921617508
2025-03-07 02:03:10.621392,320,240,20,20,9.20442043718649,0.004260348621755838,-0.004792673978954554,-0.0010646508308127522,0.3040061295032501,-9.188830375671387,0.127486452460289
2025-03-07 02:03:10.651065,320,240,20,20,8.956175425395486,-0.0005323254154063761,-0.003728023264557123,0.0026616270188242197,0.3040061295032501,-9.188830375671387,0.08825984597206116
2025-03-07 02:03:10.680949,320,240,20,20,9.12753293353453,0.0026616270188242197,-0.006391395349055529,0.0,0.3040061295032501,-9.169217109680176,0.08825984597206116
2025-03-07 02:03:10.738798,320,240,20,20,8.7912679175628,0.0005323254154063761,-0.003728023264557123,0.0021293016616255045,0.2843928337097168,-9.169217109680176,0.08825984597206116
2025-03-07 02:03:10.799840,320,240,20,20,9.024375428634812,-0.003728023264557123,-0.003728023264557123,0.003728023264557123,0.3040061295032501,-9.169217109680176,0.127486452460289
2025-03-07 02:03:10.833665,320,240,20,20,8.979057926482346,-0.0005323254154063761,-0.006391395349055529,0.0031956976745277643,0.3040061295032501,-9.169217109680176,0.127486452460289
2025-03-07 02:03:10.867211,320,240,20,20,9.023480428592302,-0.0031956976745277643,-0.008520697243511677,-0.0005323254154063761,0.3040061295032501,-9.169217109680176,0.10787314921617508
2025-03-07 02:03:10.928017,320,240,20,20,9.04387792956113,-0.0015969761880114675,-0.004792673978954554,0.005859069991856813,0.3040061295032501,-9.169217109680176,0.08825984597206116
2025-03-07 02:03:10.975277,320,240,20,20,8.921210423734738,-0.0015969761880114675,-0.004260348621755838,-0.0015969761880114675,0.3040061295032501,-9.188830375671387,0.127486452460289
2025-03-07 02:03:11.006824,320,240,20,20,8.875885421581916,-0.0021293016616255045,-0.010119418613612652,0.005859069991856813,0.2843928337097168,-9.169217109680176,0.10787314921617508
2025-03-07 02:03:11.042700,320,240,20,20,9.123685433351785,0.0026616270188242197,-0.006923720706254244,0.003728023264557123,0.3040061295032501,-9.169217109680176,0.10787314921617508
2025-03-07 02:03:11.072384,320,240,20,20,8.926430423982675,0.004260348621755838,-0.0026616270188242197,-0.0010646508308127522,0.3040061295032501,-9.169217109680176,0.06864655017852783
2025-03-07 02:03:11.109371,320,240,20,20,8.869557921281375,-0.0010646508308127522,-0.010119418613612652,0.0026616270188242197,0.3040061295032501,-9.169217109680176,0.10787314921617508
2025-03-07 02:03:11.139820,320,240,20,20,8.90622042302275,0.0010646508308127522,0.0010646508308127522,0.0010646508308127522,0.2843928337097168,-9.188830375671387,0.10787314921617508
2025-03-07 02:03:11.175301,320,240,20,20,8.959120425535366,-0.0010646508308127522,-0.006923720706254244,0.0026616270188242197,0.2843928337097168,-9.169217109680176,0.10787314921617508
2025-03-07 02:03:11.206421,320,240,20,20,9.041230429435382,-0.0015969761880114675,-0.007456046529114246,0.0015969761880114675,0.3040061295032501,-9.169217109680176,0.10787314921617508
2025-03-07 02:03:11.240944,320,240,20,20,9.09824043214321,0.0005323254154063761,-0.0031956976745277643,0.0015969761880114675,0.2843928337097168,-9.188830375671387,0.10787314921617508
2025-03-07 02:03:11.273104,320,240,20,20,8.86710042116465,-0.0015969761880114675,-0.005324999336153269,-0.0005323254154063761,0.3040061295032501,-9.169217109680176,0.10787314921617508
2025-03-07 02:03:11.308431,320,240,20,20,9.13330293380859,0.0015969761880114675,0.0005323254154063761,0.0005323254154063761,0.3040061295032501,-9.169217109680176,0.10787314921617508
2025-03-07 02:03:11.339715,320,240,20,20,8.946802924950315,0.0,-0.0031956976745277643,0.0026616270188242197,0.3040061295032501,-9.169217109680176,0.127486452460289
2025-03-07 02:03:11.375000,320,240,20,20,8.903330422885483,-0.0005323254154063761,-0.009587093256413937,-0.0010646508308127522,0.2843928337097168,-9.169217109680176,0.127486452460289
2025-03-07 02:03:11.407677,320,240,20,20,8.997162927342288,-0.0021293016616255045,-0.006391395349055529,0.004792673978954554,0.3040061295032501,-9.169217109680176,0.10787314921617508
2025-03-07 02:03:11.440052,320,240,20,20,8.827137919266534,0.0005323254154063761,-0.0031956976745277643,0.003728023264557123,0.2843928337097168,-9.169217109680176,0.08825984597206116
2025-03-07 02:03:11.474347,320,240,20,20,8.906290423026075,-0.0021293016616255045,-0.013315116055309772,0.0031956976745277643,0.2843928337097168,-9.169217109680176,0.06864655017852783
2025-03-07 02:03:11.509262,320,240,20,20,8.951137925156218,-0.0021293016616255045,-0.005859069991856813,0.0010646508308127522,0.3040061295032501,-9.169217109680176,0.08825984597206116
2025-03-07 02:03:11.539790,320,240,20,20,9.067132930665684,0.0,-0.0031956976745277643,0.0,0.2843928337097168,-9.188830375671387,0.127486452460289
2025-03-07 02:03:11.573090,320,240,20,20,8.893637922425114,-0.0031956976745277643,-0.003728023264557123,0.0031956976745277643,0.2843928337097168,-9.169217109680176,0.127486452460289
2025-03-07 02:03:11.608570,320,240,20,20,8.981552926600852,-0.0015969761880114675,-0.0026616270188242197,-0.0005323254154063761,0.3040061295032501,-9.169217109680176,0.10787314921617508
2025-03-07 02:03:11.639753,320,240,20,20,9.05219792995631,0.0005323254154063761,-0.0031956976745277643,0.004260348621755838,0.3040061295032501,-9.169217109680176,0.08825984597206116
2025-03-07 02:03:11.675550,320,240,20,20,8.971962926145352,-0.0031956976745277643,-0.004792673978954554,0.0015969761880114675,0.2843928337097168,-9.188830375671387,0.08825984597206116
2025-03-07 02:03:11.706725,320,240,20,20,9.044735429601861,-0.0031956976745277643,-0.006391395349055529,0.0031956976745277643,0.3040061295032501,-9.169217109680176,0.127486452460289
2025-03-07 02:03:11.740713,320,240,20,20,8.901310422789539,0.0010646508308127522,-0.006391395349055529,0.0031956976745277643,0.3040061295032501,-9.188830375671387,0.10787314921617508
2025-03-07 02:03:11.774499,320,240,20,20,9.068882930748805,0.0015969761880114675,-0.006923720706254244,0.0015969761880114675,0.2843928337097168,-9.169217109680176,0.127486452460289
2025-03-07 02:03:11.807990,320,240,20,20,8.923810423858232,-0.0010646508308127522,-0.005324999336153269,-0.003728023264557123,0.3040061295032501,-9.188830375671387,0.10787314921617508
2025-03-07 02:03:11.841822,320,240,20,20,8.97403792624391,-0.0021293016616255045,-0.005324999336153269,0.0,0.3040061295032501,-9.169217109680176,0.08825984597206116
2025-03-07 02:03:11.872917,320,240,20,20,9.048837929796719,0.0031956976745277643,-0.0005323254154063761,0.0026616270188242197,0.3040061295032501,-9.169217109680176,0.08825984597206116
2025-03-07 02:03:11.919418,320,240,20,20,8.92192042376846,-0.005859069991856813,-0.004260348621755838,-0.0021293016616255045,0.3040061295032501,-9.169217109680176,0.10787314921617508
2025-03-07 02:03:11.983211,320,240,20,20,9.012992928094173,-0.0005323254154063761,-0.0031956976745277643,-0.0010646508308127522,0.2843928337097168,-9.169217109680176,0.10787314921617508
2025-03-07 02:03:12.046329,320,240,20,20,9.000590427505085,0.0005323254154063761,-0.0031956976745277643,0.0,0.3040061295032501,-9.149603843688965,0.10787314921617508
2025-03-07 02:03:12.107989,320,240,20,20,8.934770424378803,0.0,-0.008520697243511677,0.0015969761880114675,0.3040061295032501,-9.169217109680176,0.10787314921617508
2025-03-07 02:03:12.170583,320,240,20,20,9.040605429405696,-0.0026616270188242197,-0.008520697243511677,0.0005323254154063761,0.3040061295032501,-9.169217109680176,0.127486452460289
2025-03-07 02:03:12.233387,320,240,20,20,8.751862915691163,0.0026616270188242197,-0.004792673978954554,0.0026616270188242197,0.3040061295032501,-9.169217109680176,0.127486452460289
2025-03-07 02:03:12.289075,320,240,20,20,8.952417925217015,-0.003728023264557123,-0.007456046529114246,-0.0005323254154063761,0.3040061295032501,-9.169217109680176,0.10787314921617508
2025-03-07 02:03:12.331396,320,240,20,20,8.771342916616414,0.0010646508308127522,-0.009587093256413937,0.003728023264557123,0.3040061295032501,-9.169217109680176,0.10787314921617508
2025-03-07 02:03:12.382013,320,240,20,20,9.073287930958031,-0.003728023264557123,-0.008520697243511677,0.0031956976745277643,0.3040061295032501,-9.169217109680176,0.10787314921617508
2025-03-07 02:03:12.427910,320,240,20,20,8.8892879222185,0.0015969761880114675,-0.009587093256413937,0.004260348621755838,0.2843928337097168,-9.169217109680176,0.10787314921617508
2025-03-07 02:03:12.466804,320,240,20,20,8.981885426616646,-0.0005323254154063761,-0.005324999336153269,0.0005323254154063761,0.3040061295032501,-9.169217109680176,0.06864655017852783
2025-03-07 02:03:12.500189,320,240,20,20,8.997780427371618,-0.0005323254154063761,-0.006923720706254244,0.0026616270188242197,0.3040061295032501,-9.169217109680176,0.08825984597206116
2025-03-07 02:03:12.530296,320,240,20,20,8.900802922765433,-0.0010646508308127522,-0.009054767899215221,0.0026616270188242197,0.3040061295032501,-9.169217109680176,0.127486452460289
2025-03-07 02:03:12.560332,320,240,20,20,9.012585428074818,-0.0010646508308127522,-0.0031956976745277643,0.0031956976745277643,0.3040061295032501,-9.188830375671387,0.127486452460289
2025-03-07 02:03:12.589680,320,240,20,20,8.844587920095364,-0.0015969761880114675,-0.005324999336153269,0.004260348621755838,0.2843928337097168,-9.188830375671387,0.08825984597206116
2025-03-07 02:03:12.620298,320,240,20,20,8.972645426177769,0.0021293016616255045,-0.007988371886312962,0.0021293016616255045,0.2843928337097168,-9.188830375671387,0.10787314921617508
2025-03-07 02:03:12.650773,320,240,20,20,8.8768704216287,0.003728023264557123,-0.009587093256413937,0.005859069991856813,0.3040061295032501,-9.169217109680176,0.08825984597206116
2025-03-07 02:03:12.683214,320,240,20,20,9.02306792857271,0.0010646508308127522,-0.0010646508308127522,0.0005323254154063761,0.2843928337097168,-9.169217109680176,0.10787314921617508
2025-03-07 02:03:12.735412,320,240,20,20,9.02621042872197,0.004792673978954554,-0.0021293016616255045,0.0005323254154063761,0.2843928337097168,-9.169217109680176,0.10787314921617508
2025-03-07 02:03:12.797997,320,240,20,20,9.121372933241947,-0.0021293016616255045,-0.009054767899215221,0.0021293016616255045,0.3040061295032501,-9.188830375671387,0.10787314921617508
2025-03-07 02:03:12.859671,320,240,20,20,8.847115420215413,-0.0031956976745277643,-0.005324999336153269,0.004260348621755838,0.3040061295032501,-9.169217109680176,0.10787314921617508
2025-03-07 02:03:12.923984,320,240,20,20,8.929472924127186,-0.0015969761880114675,-0.003728023264557123,0.0010646508308127522,0.2843928337097168,-9.169217109680176,0.06864655017852783
2025-03-07 02:03:12.986875,320,240,20,20,8.818685418865062,-0.0005323254154063761,-0.004260348621755838,0.003728023264557123,0.3040061295032501,-9.169217109680176,0.127486452460289
2025-03-07 02:03:13.048744,320,240,20,20,8.896507922561431,0.0,-0.005324999336153269,0.004260348621755838,0.2843928337097168,-9.169217109680176,0.10787314921617508
2025-03-07 02:03:13.113187,320,240,20,20,8.888657922188576,0.0015969761880114675,-0.004260348621755838,0.0026616270188242197,0.2843928337097168,-9.169217109680176,0.08825984597206116
2025-03-07 02:03:13.175263,320,240,20,20,8.931020424200687,-0.0021293016616255045,-0.005324999336153269,0.0021293016616255045,0.3040061295032501,-9.169217109680176,0.10787314921617508
2025-03-07 02:03:13.243580,320,240,20,20,8.950740425137337,-0.0015969761880114675,-0.004792673978954554,0.0010646508308127522,0.3040061295032501,-9.169217109680176,0.08825984597206116
2025-03-07 02:03:13.305817,320,240,20,20,9.196885436828598,0.0,-0.006391395349055529,0.0010646508308127522,0.3040061295032501,-9.169217109680176,0.10787314921617508
2025-03-07 02:03:13.369687,320,240,20,20,8.952770425233757,-0.0015969761880114675,-0.0026616270188242197,0.0,0.2843928337097168,-9.188830375671387,0.10787314921617508
2025-03-07 02:03:13.432301,320,240,20,20,8.92247792379494,0.0015969761880114675,-0.006391395349055529,0.005324999336153269,0.2843928337097168,-9.169217109680176,0.08825984597206116
2025-03-07 02:03:13.473565,320,240,20,20,8.920920423720963,0.0005323254154063761,-0.005859069991856813,0.0,0.3040061295032501,-9.188830375671387,0.10787314921617508
2025-03-07 02:03:13.521641,320,240,20,20,8.933697924327863,0.0015969761880114675,-0.0021293016616255045,-0.0031956976745277643,0.3040061295032501,-9.169217109680176,0.08825984597206116
2025-03-07 02:03:13.569417,320,240,20,20,9.076445431108004,-0.0015969761880114675,-0.008520697243511677,0.0031956976745277643,0.3040061295032501,-9.169217109680176,0.10787314921617508
2025-03-07 02:03:13.627124,320,240,20,20,9.017697928317649,-0.0015969761880114675,-0.004260348621755838,0.0026616270188242197,0.3040061295032501,-9.169217109680176,0.10787314921617508
2025-03-07 02:03:13.679682,320,240,20,20,8.998507927406171,0.0031956976745277643,-0.006923720706254244,0.0021293016616255045,0.3040061295032501,-9.169217109680176,0.08825984597206116
2025-03-07 02:03:13.731354,320,240,20,20,8.866420421132352,-0.006391395349055529,-0.007988371886312962,0.0026616270188242197,0.3040061295032501,-9.169217109680176,0.10787314921617508
2025-03-07 02:03:13.779656,320,240,20,20,8.972037926148914,-0.0010646508308127522,-0.004792673978954554,0.004260348621755838,0.3040061295032501,-9.188830375671387,0.10787314921617508
2025-03-07 02:03:13.824977,320,240,20,20,8.794455417714198,-0.0031956976745277643,-0.005324999336153269,0.005859069991856813,0.3040061295032501,-9.169217109680176,0.08825984597206116
2025-03-07 02:03:13.867639,320,240,20,20,8.839157919837453,-0.0010646508308127522,-0.006923720706254244,0.0010646508308127522,0.3040061295032501,-9.188830375671387,0.10787314921617508
2025-03-07 02:03:13.910915,320,240,20,20,9.020902928469877,0.0,-0.010119418613612652,0.0005323254154063761,0.2843928337097168,-9.169217109680176,0.10787314921617508
2025-03-07 02:03:13.952587,320,240,20,20,8.955762925375893,0.0015969761880114675,-0.004792673978954554,0.0015969761880114675,0.3040061295032501,-9.169217109680176,0.10787314921617508
2025-03-07 02:03:13.992704,320,240,20,20,8.98643292683264,-0.0005323254154063761,-0.006923720706254244,-0.0015969761880114675,0.3040061295032501,-9.169217109680176,0.10787314921617508
2025-03-07 02:03:14.033243,320,240,20,20,8.936400424456224,-0.0005323254154063761,-0.004792673978954554,0.0015969761880114675,0.3040061295032501,-9.169217109680176,0.08825984597206116
2025-03-07 02:03:14.072059,320,240,20,20,9.237300438748207,-0.0010646508308127522,-0.007988371886312962,0.0005323254154063761,0.3040061295032501,-9.169217109680176,0.08825984597206116
2025-03-07 02:03:14.110153,320,240,20,20,8.939280424593017,-0.0010646508308127522,-0.009054767899215221,0.004792673978954554,0.2843928337097168,-9.188830375671387,0.10787314921617508
2025-03-07 02:03:14.142659,320,240,20,20,9.140285434140242,0.0015969761880114675,-0.004792673978954554,0.0,0.2843928337097168,-9.169217109680176,0.10787314921617508
2025-03-07 02:03:14.182291,320,240,20,20,8.95909042553394,-0.0031956976745277643,-0.007988371886312962,0.004260348621755838,0.3040061295032501,-9.169217109680176,0.10787314921617508
2025-03-07 02:03:14.217788,320,240,20,20,9.013332928110321,-0.0015969761880114675,-0.006391395349055529,0.0021293016616255045,0.3040061295032501,-9.169217109680176,0.08825984597206116
2025-03-07 02:03:14.262251,320,240,20,20,9.063542930495169,-0.0021293016616255045,-0.009587093256413937,0.0010646508308127522,0.3040061295032501,-9.169217109680176,0.08825984597206116
2025-03-07 02:03:14.306707,320,240,20,20,8.877997921682255,0.0,-0.005324999336153269,0.0005323254154063761,0.3040061295032501,-9.188830375671387,0.10787314921617508
2025-03-07 02:03:14.351756,320,240,20,20,8.909980423201342,-0.0031956976745277643,-0.008520697243511677,0.0021293016616255045,0.3040061295032501,-9.188830375671387,0.10787314921617508
2025-03-07 02:03:14.395788,320,240,20,20,9.006885427804082,-0.0021293016616255045,-0.005859069991856813,0.0010646508308127522,0.3040061295032501,-9.188830375671387,0.08825984597206116
2025-03-07 02:03:14.453481,320,240,20,20,8.95903292553121,0.0015969761880114675,-0.005324999336153269,-0.0010646508308127522,0.2843928337097168,-9.169217109680176,0.10787314921617508
2025-03-07 02:03:14.512812,320,240,20,20,9.142835434261361,0.0005323254154063761,-0.007988371886312962,0.0021293016616255045,0.2843928337097168,-9.169217109680176,0.08825984597206116
2025-03-07 02:03:14.553364,320,240,20,20,8.876297921601509,0.0,-0.006391395349055529,0.0026616270188242197,0.3040061295032501,-9.169217109680176,0.10787314921617508
2025-03-07 02:03:14.583741,320,240,20,20,9.049260429816787,-0.0031956976745277643,-0.004792673978954554,0.0010646508308127522,0.3040061295032501,-9.169217109680176,0.10787314921617508
2025-03-07 02:03:14.616435,320,240,20,20,8.897815422623534,-0.0010646508308127522,-0.006391395349055529,0.0,0.2843928337097168,-9.149603843688965,0.08825984597206116
2025-03-07 02:03:14.656051,320,240,20,20,8.922752923808002,0.003728023264557123,-0.003728023264557123,-0.0015969761880114675,0.3040061295032501,-9.169217109680176,0.10787314921617508
2025-03-07 02:03:14.688252,320,240,20,20,8.895305422504316,0.0,-0.004260348621755838,0.003728023264557123,0.2843928337097168,-9.169217109680176,0.10787314921617508
2025-03-07 02:03:14.731646,320,240,20,20,9.10513043247047,-0.004260348621755838,-0.006391395349055529,0.0005323254154063761,0.3040061295032501,-9.169217109680176,0.127486452460289
2025-03-07 02:03:14.794155,320,240,20,20,8.958300425496418,-0.0015969761880114675,-0.003728023264557123,0.0015969761880114675,0.3040061295032501,-9.169217109680176,0.10787314921617508
2025-03-07 02:03:14.858354,320,240,20,20,8.955937925384205,-0.0010646508308127522,-0.005324999336153269,0.0,0.2843928337097168,-9.169217109680176,0.08825984597206116
2025-03-07 02:03:14.919826,320,240,20,20,8.8063929182812,-0.0021293016616255045,-0.007988371886312962,-0.0005323254154063761,0.2843928337097168,-9.169217109680176,0.10787314921617508
2025-03-07 02:03:14.982829,320,240,20,20,8.902607922851166,-0.0031956976745277643,-0.005859069991856813,0.0021293016616255045,0.2843928337097168,-9.169217109680176,0.10787314921617508
2025-03-07 02:03:15.044051,320,240,20,20,8.90745542308141,-0.0010646508308127522,-0.004260348621755838,0.004792673978954554,0.3040061295032501,-9.169217109680176,0.10787314921617508
2025-03-07 02:03:15.106962,320,240,20,20,8.965150425821776,0.0021293016616255045,-0.009054767899215221,0.0031956976745277643,0.2843928337097168,-9.169217109680176,0.08825984597206116
2025-03-07 02:03:15.168993,320,240,20,20,9.112782932833943,-0.0021293016616255045,-0.003728023264557123,0.0026616270188242197,0.3040061295032501,-9.188830375671387,0.10787314921617508
2025-03-07 02:03:15.229355,320,240,20,20,9.000452927498554,0.005324999336153269,-0.007456046529114246,0.0010646508308127522,0.3040061295032501,-9.169217109680176,0.08825984597206116
2025-03-07 02:03:15.289040,320,240,20,20,8.90144542279595,-0.0005323254154063761,-0.007456046529114246,0.0010646508308127522,0.3040061295032501,-9.169217109680176,0.10787314921617508
2025-03-07 02:03:15.352042,320,240,20,20,9.145115434369654,0.0010646508308127522,-0.005859069991856813,0.005324999336153269,0.2843928337097168,-9.149603843688965,0.10787314921617508
2025-03-07 02:03:15.416705,320,240,20,20,9.037217929244798,-0.0010646508308127522,-0.006391395349055529,0.0,0.3040061295032501,-9.169217109680176,0.10787314921617508
2025-03-07 02:03:15.480723,320,240,20,20,8.89354542242072,0.0015969761880114675,-0.007456046529114246,0.003728023264557123,0.2843928337097168,-9.169217109680176,0.10787314921617508
2025-03-07 02:03:15.540619,320,240,20,20,9.052045429949066,-0.0010646508308127522,-0.005324999336153269,0.0031956976745277643,0.2843928337097168,-9.169217109680176,0.10787314921617508
2025-03-07 02:03:15.602477,320,240,20,20,8.934282924355648,0.0031956976745277643,-0.010119418613612652,0.0005323254154063761,0.3040061295032501,-9.188830375671387,0.10787314921617508
2025-03-07 02:03:15.665645,320,240,20,20,8.994105427197065,-0.0026616270188242197,-0.004792673978954554,0.004260348621755838,0.2843928337097168,-9.188830375671387,0.08825984597206116
2025-03-07 02:03:15.727081,320,240,20,20,9.075550431065494,-0.0026616270188242197,-0.006923720706254244,0.004260348621755838,0.3040061295032501,-9.169217109680176,0.10787314921617508
2025-03-07 02:03:15.789396,320,240,20,20,8.984785426754389,-0.003728023264557123,-0.007456046529114246,0.0026616270188242197,0.2843928337097168,-9.169217109680176,0.127486452460289
2025-03-07 02:03:15.852749,320,240,20,20,8.88921042221482,-0.0031956976745277643,-0.009587093256413937,0.0015969761880114675,0.3040061295032501,-9.169217109680176,0.08825984597206116
2025-03-07 02:03:15.915336,320,240,20,20,8.928855424097856,-0.0021293016616255045,-0.004260348621755838,0.0021293016616255045,0.3040061295032501,-9.169217109680176,0.08825984597206116
2025-03-07 02:03:15.978013,320,240,20,20,9.157072934937606,-0.0031956976745277643,-0.004792673978954554,0.0,0.3040061295032501,-9.169217109680176,0.10787314921617508
2025-03-07 02:03:16.024375,320,240,20,20,8.935537924415257,-0.0010646508308127522,-0.006923720706254244,0.0026616270188242197,0.2843928337097168,-9.169217109680176,0.10787314921617508
2025-03-07 02:03:16.070921,320,240,20,20,8.925032923916296,0.0026616270188242197,-0.004792673978954554,0.0005323254154063761,0.3040061295032501,-9.169217109680176,0.10787314921617508
2025-03-07 02:03:16.110050,320,240,20,20,9.103960432414897,0.0,-0.004260348621755838,0.0015969761880114675,0.3040061295032501,-9.169217109680176,0.10787314921617508
2025-03-07 02:03:16.150373,320,240,20,20,8.975017926290457,-0.005324999336153269,-0.005859069991856813,0.0021293016616255045,0.3040061295032501,-9.169217109680176,0.127486452460289
2025-03-07 02:03:16.190941,320,240,20,20,8.947157924967177,-0.0010646508308127522,-0.0031956976745277643,0.0010646508308127522,0.2843928337097168,-9.188830375671387,0.10787314921617508
2025-03-07 02:03:16.233755,320,240,20,20,8.981452926596102,0.0010646508308127522,-0.004260348621755838,0.0026616270188242197,0.2843928337097168,-9.169217109680176,0.10787314921617508
2025-03-07 02:03:16.272982,320,240,20,20,8.884937922011886,-0.004260348621755838,-0.009587093256413937,0.0021293016616255045,0.3040061295032501,-9.169217109680176,0.08825984597206116
2025-03-07 02:03:16.312677,320,240,20,20,8.885530422040029,-0.004260348621755838,-0.006923720706254244,0.0021293016616255045,0.2843928337097168,-9.169217109680176,0.10787314921617508
2025-03-07 02:03:16.350637,320,240,20,20,8.927997924057127,-0.003728023264557123,-0.004792673978954554,0.0015969761880114675,0.3040061295032501,-9.169217109680176,0.10787314921617508
2025-03-07 02:03:16.390887,320,240,20,20,8.846635420192616,-0.0005323254154063761,-0.006391395349055529,0.0015969761880114675,0.2843928337097168,-9.169217109680176,0.10787314921617508
2025-03-07 02:03:16.434334,320,240,20,20,8.87977542176668,-0.0005323254154063761,-0.005324999336153269,0.0015969761880114675,0.3040061295032501,-9.169217109680176,0.10787314921617508
2025-03-07 02:03:16.474135,320,240,20,20,9.06640293063101,0.0015969761880114675,-0.008520697243511677,0.0015969761880114675,0.2843928337097168,-9.169217109680176,0.10787314921617508
2025-03-07 02:03:16.512339,320,240,20,20,8.873477921467565,-0.0026616270188242197,-0.0026616270188242197,0.0021293016616255045,0.3040061295032501,-9.169217109680176,0.10787314921617508
2025-03-07 02:03:16.550237,320,240,20,20,8.945710424898426,0.0026616270188242197,-0.005859069991856813,0.0015969761880114675,0.3040061295032501,-9.188830375671387,0.08825984597206116
2025-03-07 02:03:16.584996,320,240,20,20,9.199420436949003,-0.0026616270188242197,-0.009054767899215221,0.004260348621755838,0.3040061295032501,-9.169217109680176,0.10787314921617508
2025-03-07 02:03:16.615714,320,240,20,20,8.91261042332626,0.0015969761880114675,-0.011718139983713627,0.004260348621755838,0.3040061295032501,-9.169217109680176,0.10787314921617508
2025-03-07 02:03:16.646258,320,240,20,20,9.008710427890765,0.004260348621755838,-0.0026616270188242197,0.0031956976745277643,0.3040061295032501,-9.169217109680176,0.08825984597206116
2025-03-07 02:03:16.676222,320,240,20,20,8.939702924613083,-0.004260348621755838,-0.009054767899215221,0.006923720706254244,0.2843928337097168,-9.169217109680176,0.10787314921617508
2025-03-07 02:03:16.708904,320,240,20,20,9.017472928306962,0.0005323254154063761,-0.010119418613612652,-0.0005323254154063761,0.3040061295032501,-9.169217109680176,0.10787314921617508
2025-03-07 02:03:16.745494,320,240,20,20,8.958040425484068,0.0005323254154063761,-0.006391395349055529,0.0010646508308127522,0.3040061295032501,-9.169217109680176,0.10787314921617508
2025-03-07 02:03:16.775695,320,240,20,20,9.024865428658085,-0.0031956976745277643,-0.005859069991856813,0.0015969761880114675,0.3040061295032501,-9.169217109680176,0.08825984597206116
2025-03-07 02:03:16.810877,320,240,20,20,9.174620435771066,0.0005323254154063761,-0.0015969761880114675,-0.0010646508308127522,0.3040061295032501,-9.169217109680176,0.08825984597206116
2025-03-07 02:03:16.841923,320,240,20,20,9.120525433201692,-0.0015969761880114675,-0.009054767899215221,-0.0026616270188242197,0.3040061295032501,-9.169217109680176,0.127486452460289
2025-03-07 02:03:16.878648,320,240,20,20,8.849002920305065,-0.004260348621755838,-0.006391395349055529,0.0026616270188242197,0.2843928337097168,-9.169217109680176,0.127486452460289
2025-03-07 02:03:16.908984,320,240,20,20,9.105592932492437,-0.0031956976745277643,-0.009587093256413937,0.003728023264557123,0.3040061295032501,-9.169217109680176,0.127486452460289
2025-03-07 02:03:16.943269,320,240,20,20,8.800850418017944,-0.004260348621755838,-0.006923720706254244,0.0015969761880114675,0.3040061295032501,-9.169217109680176,0.10787314921617508
2025-03-07 02:03:16.976886,320,240,20,20,8.963065425722743,-0.0015969761880114675,-0.005859069991856813,0.0015969761880114675,0.2843928337097168,-9.169217109680176,0.10787314921617508
2025-03-07 02:03:17.010358,320,240,20,20,9.013330428110203,-0.0026616270188242197,-0.0031956976745277643,0.0031956976745277643,0.3040061295032501,-9.169217109680176,0.08825984597206116
2025-03-07 02:03:17.042923,320,240,20,20,9.14739043447771,-0.0005323254154063761,-0.007456046529114246,0.0,0.2843928337097168,-9.169217109680176,0.10787314921617508
2025-03-07 02:03:17.077361,320,240,20,20,9.177350435900735,-0.0031956976745277643,-0.005859069991856813,0.0026616270188242197,0.3040061295032501,-9.169217109680176,0.08825984597206116
2025-03-07 02:03:17.109946,320,240,20,20,9.014397928160907,-0.0015969761880114675,-0.0026616270188242197,0.0031956976745277643,0.3040061295032501,-9.169217109680176,0.10787314921617508
2025-03-07 02:03:17.143622,320,240,20,20,9.072167930904834,0.0015969761880114675,-0.003728023264557123,0.0005323254154063761,0.3040061295032501,-9.169217109680176,0.08825984597206116
2025-03-07 02:03:17.175906,320,240,20,20,9.014955428187386,-0.0015969761880114675,-0.0031956976745277643,-0.0005323254154063761,0.2843928337097168,-9.169217109680176,0.10787314921617508
2025-03-07 02:03:17.211667,320,240,20,20,8.911967923295743,0.0,-0.005324999336153269,-0.0010646508308127522,0.3040061295032501,-9.169217109680176,0.08825984597206116
2025-03-07 02:03:17.241933,320,240,20,20,8.926635423992412,0.0005323254154063761,-0.005324999336153269,-0.004260348621755838,0.3040061295032501,-9.169217109680176,0.10787314921617508
2025-03-07 02:03:17.277703,320,240,20,20,9.132512933771068,0.003728023264557123,-0.003728023264557123,0.0,0.3040061295032501,-9.169217109680176,0.10787314921617508
2025-03-07 02:03:17.310868,320,240,20,20,9.012875428088591,-0.003728023264557123,-0.006391395349055529,0.0031956976745277643,0.3040061295032501,-9.169217109680176,0.10787314921617508
2025-03-07 02:03:17.342658,320,240,20,20,9.038337929297995,0.0005323254154063761,-0.003728023264557123,0.0,0.3040061295032501,-9.169217109680176,0.08825984597206116
2025-03-07 02:03:17.377917,320,240,20,20,8.999987927476468,-0.0026616270188242197,-0.013847441412508488,0.0015969761880114675,0.3040061295032501,-9.149603843688965,0.10787314921617508
2025-03-07 02:03:17.408782,320,240,20,20,9.0440604295698,-0.003728023264557123,-0.007988371886312962,0.0010646508308127522,0.3040061295032501,-9.188830375671387,0.10787314921617508
2025-03-07 02:03:17.442798,320,240,20,20,8.94987792509637,0.0010646508308127522,-0.006391395349055529,0.0031956976745277643,0.3040061295032501,-9.169217109680176,0.127486452460289
2025-03-07 02:03:17.475748,320,240,20,20,8.932085424251273,-0.0005323254154063761,-0.005859069991856813,0.004792673978954554,0.3040061295032501,-9.169217109680176,0.10787314921617508
2025-03-07 02:03:17.510861,320,240,20,20,8.89876042266842,-0.003728023264557123,-0.006923720706254244,0.003728023264557123,0.3040061295032501,-9.188830375671387,0.127486452460289
2025-03-07 02:03:17.542200,320,240,20,20,8.819195418889285,0.0,-0.007456046529114246,0.0,0.3040061295032501,-9.169217109680176,0.10787314921617508
2025-03-07 02:03:17.577485,320,240,20,20,9.006285427775584,-0.0021293016616255045,-0.005859069991856813,0.0005323254154063761,0.3040061295032501,-9.169217109680176,0.10787314921617508
2025-03-07 02:03:17.609480,320,240,20,20,8.976372926354816,-0.004260348621755838,-0.009587093256413937,0.0015969761880114675,0.3040061295032501,-9.169217109680176,0.10787314921617508
2025-03-07 02:03:17.643279,320,240,20,20,9.213950437639141,0.0031956976745277643,-0.006391395349055529,0.0021293016616255045,0.3040061295032501,-9.188830375671387,0.127486452460289
2025-03-07 02:03:17.677251,320,240,20,20,9.043435429540114,-0.0021293016616255045,-0.004260348621755838,0.0026616270188242197,0.2843928337097168,-9.169217109680176,0.08825984597206116
2025-03-07 02:03:17.710748,320,240,20,20,8.934965424388064,-0.0005323254154063761,-0.003728023264557123,0.004260348621755838,0.3040061295032501,-9.188830375671387,0.10787314921617508
