2025-03-04 16:03:21.467622, 250, 210, 0.0000, -0.0027, -0.0059, 0.0000, 0.1471, 4.4718, 8.7966
2025-03-04 16:03:34.910407, 429, 439, 2.6910, -0.0064, 0.0016, 0.0000, 0.1569, 6.3841, 7.4629
2025-03-04 16:03:43.383276, 43, 304, 5.0110, -0.0048, -0.0091, -0.0043, 3.0303, 5.5310, 7.5903
2025-03-04 16:03:51.289023, 465, 355, 5.9260, 0.0272, -0.0059, 0.0005, -0.0588, 9.4732, 1.9221
2025-03-04 16:03:52.890205, 369, 364, 0.5300, 0.0096, -0.0021, 0.0016, -0.0686, 9.4536, 2.0496
2025-03-05 01:59:29.010051, 362, 245, 8.3730, -0.0027, -0.0037, -0.0005, 0.2648, -9.1692, -0.0294
2025-03-05 01:59:39.547454, 106, 153, 10.3390, -0.0016, -0.0085, 0.0037, 0.2844, -9.1888, 0.0098
2025-03-05 01:59:40.647693, 98, 197, 10.4300, -0.0032, -0.0037, 0.0021, 0.2648, -9.1888, 0.0098
2025-03-05 01:59:41.248065, 87, 255, 10.6160, -0.0021, -0.0075, 0.0011, 0.2844, -9.1692, 0.0098
2025-03-05 01:59:41.948651, 87, 298, 10.6160, -0.0005, -0.0032, 0.0016, 0.2648, -9.1888, 0.0098
2025-03-05 01:59:44.683007, 492, 305, 8.4930, 0.0005, -0.0043, 0.0016, 0.2648, -9.1888, 0.0294
2025-03-05 01:59:45.483665, 486, 249, 4.8730, -0.0037, -0.0043, 0.0043, 0.2844, -9.1888, 0.0098
2025-03-05 01:59:46.784421, 488, 195, 9.4360, -0.0005, -0.0064, 0.0016, 0.2648, -9.1496, 0.0000
2025-03-05 01:59:47.584102, 481, 171, 8.3730, -0.0059, -0.0117, 0.0011, 0.2648, -9.1692, 0.0294
2025-03-05 01:59:48.617906, 478, 152, 8.6790, -0.0005, -0.0080, 0.0043, 0.2844, -9.1692, 0.0098
2025-03-05 02:00:04.959278, 435, 186, 8.3730, -0.0005, -0.0059, 0.0037, 0.2844, -9.1692, 0.0294
2025-03-05 02:00:05.992568, 433, 208, 9.4360, -0.0037, -0.0053, 0.0043, 0.2844, -9.1888, 0.0294
2025-03-05 02:00:06.659813, 373, 202, 9.6670, 0.0016, -0.0101, -0.0016, 0.2648, -9.1888, 0.0098
2025-03-05 02:00:07.192958, 302, 185, 10.1620, -0.0043, -0.0027, 0.0011, 0.2648, -9.1692, 0.0098
2025-03-05 02:00:07.893271, 309, 215, 9.7460, -0.0037, -0.0037, 0.0005, 0.2648, -9.1888, 0.0098
2025-03-05 02:00:09.160908, 304, 277, 9.9080, -0.0032, 0.0005, 0.0048, 0.2844, -9.1692, 0.0294
2025-03-05 02:00:11.795355, 235, 186, 9.9920, -0.0027, -0.0053, 0.0032, 0.2844, -9.1692, 0.0098
2025-03-05 02:00:12.662572, 202, 181, 10.0760, -0.0043, -0.0091, 0.0016, 0.2844, -9.1888, 0.0098
2025-03-05 02:00:13.463360, 175, 177, 9.7460, -0.0005, -0.0037, 0.0016, 0.2844, -9.1692, 0.0098
2025-03-05 02:00:14.062860, 159, 232, 8.5540, -0.0048, -0.0059, 0.0027, 0.2648, -9.1496, 0.0098
2025-03-05 02:00:14.763127, 149, 263, 8.6160, -0.0011, -0.0043, -0.0005, 0.2844, -9.1692, 0.0098
2025-03-05 02:00:15.862199, 160, 290, 8.6160, 0.0011, -0.0059, 0.0005, 0.2844, -9.1692, 0.0098
2025-03-05 02:00:16.664712, 235, 300, 10.0760, 0.0021, -0.0107, 0.0011, 0.2648, -9.1692, 0.0098
2025-03-05 02:00:17.396595, 277, 282, 9.9080, 0.0000, -0.0059, -0.0005, 0.2844, -9.1692, 0.0098
2025-03-05 02:00:17.997990, 275, 260, 8.9400, -0.0037, -0.0059, 0.0059, 0.2648, -9.1692, 0.0000
2025-03-05 02:00:18.830192, 277, 241, 10.7120, -0.0011, -0.0053, -0.0037, 0.2648, -9.1888, 0.0098
2025-03-05 02:00:19.598603, 276, 214, 10.0760, -0.0021, -0.0080, 0.0027, 0.2648, -9.1692, 0.0098
2025-03-05 02:00:20.132079, 308, 254, 10.4300, -0.0048, -0.0091, 0.0021, 0.2844, -9.1692, 0.0098
2025-03-05 02:00:20.699025, 308, 229, 9.5120, -0.0059, -0.0091, 0.0027, 0.2844, -9.1692, 0.0098
2025-03-05 02:00:21.266024, 365, 191, 9.4360, 0.0021, -0.0005, 0.0000, 0.2844, -9.1692, 0.0098
2025-03-05 02:00:28.435856, 379, 244, 8.7430, -0.0037, -0.0085, 0.0021, 0.2844, -9.1888, 0.0098
2025-03-05 02:00:29.136118, 389, 274, 8.9400, -0.0011, -0.0075, 0.0021, 0.2844, -9.1692, 0.0294
2025-03-05 02:00:29.936457, 406, 296, 9.6670, -0.0016, -0.0048, 0.0016, 0.2648, -9.1692, 0.0098
2025-03-05 02:00:31.003983, 394, 272, 9.4360, -0.0011, -0.0059, 0.0032, 0.2844, -9.1496, 0.0294
2025-03-05 02:00:31.670109, 379, 263, 10.4300, 0.0021, -0.0080, 0.0000, 0.2648, -9.1692, 0.0000
2025-03-05 02:00:32.370522, 354, 248, 9.7460, -0.0016, -0.0027, -0.0021, 0.2844, -9.1692, 0.0000
2025-03-05 02:00:33.004405, 350, 272, 9.1460, -0.0027, -0.0053, 0.0032, 0.2648, -9.1692, 0.0098
2025-03-05 02:00:33.737260, 339, 295, 10.1620, -0.0016, -0.0059, 0.0021, 0.2844, -9.1692, 0.0098
2025-03-05 02:00:34.271541, 283, 291, 10.6160, -0.0027, -0.0085, 0.0053, 0.2648, -9.1692, 0.0098
2025-03-05 02:00:34.938691, 276, 262, 10.5220, -0.0005, -0.0048, -0.0027, 0.2844, -9.1692, 0.0098
2025-03-05 02:00:35.538550, 295, 231, 10.8090, -0.0011, -0.0048, 0.0005, 0.2844, -9.1692, 0.0000
2025-03-05 02:00:38.440076, 432, 172, 8.7430, -0.0005, -0.0053, 0.0011, 0.2844, -9.1692, 0.0098
2025-03-05 02:00:40.340821, 440, 193, 8.4330, 0.0021, -0.0048, 0.0027, 0.2844, -9.1692, 0.0098
2025-03-05 02:00:59.215514, 460, 160, 9.1460, 0.0021, -0.0069, 0.0064, 0.2844, -9.1692, 0.0098
2025-03-05 02:01:00.016025, 452, 181, 8.8070, -0.0043, -0.0069, -0.0016, 0.2844, -9.1692, 0.0098
2025-03-05 02:01:01.016304, 421, 172, 9.9080, -0.0021, -0.0032, 0.0043, 0.2844, -9.1692, 0.0098
2025-03-05 02:01:02.783973, 132, 164, 8.8070, 0.0000, -0.0069, 0.0011, 0.2844, -9.1692, 0.0098
2025-03-05 02:01:03.383845, 151, 214, 9.1460, -0.0016, -0.0069, 0.0048, 0.2844, -9.1692, 0.0098
2025-03-05 02:01:03.983630, 133, 250, 10.6160, -0.0011, -0.0107, 0.0021, 0.2844, -9.1692, 0.0098
2025-03-05 02:01:04.651329, 112, 299, 9.7460, -0.0016, -0.0075, -0.0011, 0.2844, -9.1888, 0.0098
2025-03-05 02:01:05.285501, 189, 300, 9.9920, -0.0021, -0.0069, -0.0011, 0.2844, -9.1692, 0.0098
2025-03-05 02:01:06.051429, 267, 281, 10.5220, -0.0016, -0.0064, 0.0005, 0.2844, -9.1692, 0.0490
2025-03-05 02:01:06.618670, 311, 313, 9.1460, -0.0021, -0.0053, 0.0027, 0.2844, -9.1692, 0.0000
2025-03-05 02:01:07.052120, 303, 233, 10.7120, 0.0000, -0.0085, 0.0011, 0.2648, -9.1496, 0.0098
2025-03-05 02:01:07.519002, 248, 207, 10.0760, -0.0011, -0.0043, -0.0016, 0.2844, -9.1496, 0.0098
2025-03-05 02:01:08.152536, 183, 192, 9.0080, -0.0037, -0.0091, 0.0011, 0.2844, -9.1692, 0.0098
2025-03-05 02:01:08.686098, 179, 269, 9.2170, -0.0027, -0.0053, 0.0059, 0.2648, -9.1692, 0.0294
2025-03-05 02:01:11.354104, 325, 172, 9.3620, -0.0027, -0.0080, 0.0032, 0.2844, -9.1692, 0.0000
2025-03-05 02:01:11.887289, 341, 221, 10.4300, -0.0021, -0.0032, 0.0021, 0.2844, -9.1692, 0.0098
2025-03-05 02:01:12.554501, 349, 243, 9.6670, -0.0053, -0.0112, 0.0021, 0.2844, -9.1496, 0.0000
2025-03-05 02:01:13.121817, 342, 260, 10.2500, -0.0027, -0.0032, 0.0027, 0.2844, -9.1692, 0.0000
2025-03-05 02:01:13.555193, 290, 280, 9.6670, -0.0011, -0.0016, -0.0011, 0.2844, -9.1692, 0.0000
2025-03-05 02:01:13.954961, 232, 288, 11.1120, 0.0000, -0.0037, -0.0005, 0.2844, -9.1692, 0.0000
2025-03-05 02:01:14.488956, 197, 280, 9.7460, 0.0032, -0.0101, -0.0016, 0.2844, -9.1692, 0.0000
2025-03-05 02:01:14.921034, 173, 212, 9.3620, 0.0032, -0.0075, -0.0016, 0.2844, -9.1692, 0.0098
2025-03-05 02:01:15.889194, 159, 171, 8.6790, 0.0005, -0.0016, 0.0048, 0.2844, -9.1692, 0.0098
2025-03-05 02:01:16.589288, 270, 192, 10.5220, 0.0032, -0.0043, -0.0005, 0.2844, -9.1496, 0.0000
2025-03-05 02:01:18.157543, 285, 214, 9.2170, -0.0011, -0.0085, 0.0011, 0.2844, -9.1692, 0.0000
2025-03-05 02:01:18.823606, 279, 276, 10.5220, 0.0021, -0.0059, 0.0027, 0.2844, -9.1496, 0.0000
2025-03-05 02:01:19.624460, 244, 287, 9.9080, -0.0064, -0.0064, 0.0021, 0.2844, -9.1496, 0.0000
2025-03-05 02:01:20.324497, 155, 300, 8.4930, 0.0000, -0.0043, 0.0021, 0.2844, -9.1692, 0.0098
2025-03-05 02:01:21.024808, 126, 269, 10.3390, 0.0005, 0.0005, 0.0011, 0.2648, -9.1496, 0.0000
2025-03-05 02:01:21.625119, 158, 238, 9.0080, -0.0037, -0.0053, 0.0011, 0.2844, -9.1496, 0.0098
2025-03-05 02:01:22.225089, 119, 195, 10.7120, -0.0027, -0.0032, 0.0016, 0.2844, -9.1496, 0.0098
2025-03-05 02:01:22.892346, 118, 165, 10.2500, 0.0027, -0.0048, 0.0027, 0.2844, -9.1692, 0.0000
2025-03-05 02:01:23.525465, 261, 189, 8.9400, -0.0011, -0.0032, 0.0032, 0.2844, -9.1496, 0.0098
2025-03-05 02:01:24.159570, 282, 211, 9.0080, -0.0053, -0.0032, 0.0005, 0.2648, -9.1692, 0.0098
2025-03-05 02:01:24.726456, 310, 236, 9.9920, 0.0032, -0.0016, 0.0032, 0.2844, -9.1692, 0.0098
2025-03-05 02:01:25.326153, 341, 252, 9.2170, -0.0016, -0.0091, 0.0005, 0.2844, -9.1496, 0.0098
2025-03-05 02:01:25.926494, 378, 272, 8.6160, -0.0011, -0.0085, -0.0016, 0.2844, -9.1692, 0.0000
2025-03-05 02:01:27.427460, 401, 256, 9.1460, -0.0005, -0.0048, 0.0037, 0.2844, -9.1692, 0.0000
2025-03-05 02:01:27.995270, 371, 236, 10.3390, -0.0037, -0.0091, 0.0011, 0.2844, -9.1692, 0.0098
2025-03-05 02:01:28.626767, 320, 218, 9.5120, -0.0021, -0.0069, 0.0027, 0.2844, -9.1496, 0.0000
2025-03-05 02:01:38.265760, 421, 277, 9.4360, -0.0011, -0.0032, -0.0016, 0.2648, -9.1496, 0.0098
2025-03-05 02:01:39.099343, 395, 291, 8.6790, -0.0005, -0.0107, 0.0048, 0.3040, -9.1496, 0.0000
2025-03-05 02:01:40.032941, 359, 290, 8.7430, -0.0021, -0.0085, -0.0016, 0.2648, -9.1692, 0.0098
2025-03-05 02:01:40.799921, 334, 285, 9.9920, 0.0016, -0.0053, 0.0000, 0.2844, -9.1692, 0.0098
2025-03-05 02:01:45.201851, 297, 284, 10.0760, -0.0053, -0.0069, 0.0005, 0.2844, -9.1692, 0.0098
2025-03-05 02:01:46.202289, 249, 281, 8.6790, -0.0021, -0.0064, 0.0048, 0.3040, -9.1496, 0.0098
2025-03-05 02:01:47.035963, 213, 276, 10.5220, -0.0043, -0.0064, -0.0011, 0.2844, -9.1692, 0.0098
2025-03-05 02:01:48.036308, 260, 241, 10.0760, 0.0005, -0.0027, 0.0005, 0.2844, -9.1496, 0.0000
2025-03-05 02:01:48.803778, 236, 230, 0.0000, -0.0027, -0.0048, 0.0005, 0.2844, -9.1692, 0.0000
2025-03-05 02:01:49.570225, 202, 215, 9.7460, -0.0005, -0.0032, 0.0016, 0.2844, -9.1692, 0.0098
2025-03-05 02:01:50.404028, 182, 196, 9.2170, 0.0016, -0.0053, 0.0027, 0.2844, -9.1692, 0.0098
2025-03-05 02:01:51.071115, 186, 231, 9.7460, 0.0000, -0.0059, -0.0011, 0.2844, -9.1496, 0.0098
2025-03-05 02:01:51.704499, 193, 279, 9.7460, -0.0027, -0.0101, 0.0011, 0.2844, -9.1496, 0.0098
2025-03-05 02:01:52.538229, 170, 297, 9.7460, 0.0016, -0.0085, 0.0011, 0.2844, -9.1496, 0.0098
2025-03-05 02:01:53.172282, 148, 269, 9.9080, -0.0037, -0.0059, 0.0005, 0.2844, -9.1496, 0.0000
2025-03-05 02:01:53.805493, 134, 251, 10.3390, 0.0027, -0.0053, 0.0011, 0.2844, -9.1496, -0.0098
2025-03-05 02:01:54.605711, 163, 222, 8.7430, 0.0000, -0.0032, 0.0021, 0.2844, -9.1496, 0.0000
2025-03-05 02:01:55.406187, 240, 273, 12.1330, -0.0037, -0.0085, 0.0021, 0.2648, -9.1692, 0.0000
2025-03-05 02:01:56.439830, 339, 282, 9.2170, -0.0005, -0.0085, 0.0005, 0.2844, -9.1496, 0.0000
2025-03-05 02:01:57.207276, 330, 259, 10.2500, -0.0048, -0.0048, 0.0000, 0.2844, -9.1496, 0.0098
2025-03-05 02:01:57.974515, 323, 241, 9.5120, 0.0005, -0.0037, 0.0011, 0.2844, -9.1496, 0.0098
2025-03-05 02:01:58.740528, 295, 225, 9.9080, -0.0016, -0.0037, 0.0021, 0.3040, -9.1496, 0.0000
2025-03-05 02:01:59.841744, 331, 200, 9.4360, -0.0005, -0.0085, 0.0032, 0.3040, -9.1496, 0.0098
2025-03-05 02:02:00.641737, 306, 176, 9.7460, 0.0011, -0.0048, 0.0027, 0.2844, -9.1496, 0.0000
2025-03-05 02:02:01.375358, 276, 168, 9.4360, 0.0005, -0.0064, 0.0016, 0.2844, -9.1496, 0.0000
2025-03-05 02:02:14.680557, 453, 460, 2.7780, -0.0021, -0.0043, 0.0016, 0.2844, -9.1496, 0.0098
