2025-03-05 02:53:10.817276, 320, 240, 3.0570, 0.0011, -0.0064, 0.0021, 0.3432, -9.0712, -0.0294
2025-03-05 02:53:10.849017, 320, 240, 3.0880, -0.0032, -0.0043, 0.0032, 0.3432, -9.0515, 0.0000
2025-03-05 02:53:10.917439, 320, 240, 3.0880, -0.0027, -0.0043, 0.0037, 0.3432, -9.0515, -0.0098
2025-03-05 02:53:12.850697, 320, 240, 3.1040, 0.0032, -0.0037, -0.0005, 0.3432, -9.0515, 0.0000
2025-03-05 02:53:12.883257, 320, 240, 3.0410, 0.0000, -0.0037, 0.0037, 0.3432, -9.0515, 0.0000
2025-03-05 02:53:12.950721, 320, 240, 3.1450, 0.0000, -0.0075, 0.0000, 0.3432, -9.0515, -0.0490
2025-03-05 02:53:12.983728, 320, 240, 3.0800, -0.0021, -0.0101, 0.0064, 0.3432, -9.0515, -0.0294
2025-03-05 02:53:13.050997, 320, 240, 3.0880, -0.0011, -0.0059, 0.0005, 0.3432, -9.0515, 0.0098
2025-03-05 02:53:13.284380, 320, 240, 3.1710, -0.0005, -0.0069, 0.0016, 0.3628, -9.0515, -0.0098
2025-03-05 02:53:13.317709, 320, 240, 3.0410, 0.0016, -0.0053, 0.0005, 0.3628, -9.0515, -0.0294
2025-03-05 02:53:13.384740, 320, 240, 3.1450, -0.0005, -0.0133, 0.0032, 0.3628, -9.0712, -0.0490
2025-03-05 02:53:13.417236, 320, 240, 3.1210, 0.0011, -0.0032, 0.0016, 0.3432, -9.0712, -0.0098
2025-03-05 02:53:13.485123, 320, 240, 3.0330, 0.0037, -0.0064, 0.0032, 0.3432, -9.0515, 0.0098
2025-03-05 02:53:13.517557, 320, 240, 3.1040, -0.0016, -0.0123, 0.0021, 0.3628, -9.0515, -0.0490
2025-03-05 02:53:13.585106, 320, 240, 3.0250, 0.0000, -0.0080, 0.0043, 0.3432, -9.0712, -0.0294
2025-03-05 02:53:13.617791, 320, 240, 3.1210, -0.0005, -0.0075, 0.0053, 0.3432, -9.0712, 0.0000
2025-03-05 02:53:13.685320, 320, 240, 3.1450, -0.0005, -0.0080, 0.0027, 0.3432, -9.0712, -0.0098
2025-03-05 02:53:13.719028, 320, 240, 2.9950, 0.0021, -0.0096, 0.0016, 0.3432, -9.0515, -0.0098
2025-03-05 02:53:13.785377, 320, 240, 3.1450, 0.0027, -0.0064, -0.0016, 0.3432, -9.0712, -0.0490
2025-03-05 02:53:13.884383, 320, 240, 3.0410, 0.0011, -0.0085, 0.0027, 0.3432, -9.0515, 0.0000
2025-03-05 02:53:13.918497, 320, 240, 3.1040, 0.0011, -0.0069, 0.0021, 0.3628, -9.0712, -0.0294
2025-03-05 02:53:13.985608, 320, 240, 3.1370, 0.0016, -0.0064, -0.0005, 0.3432, -9.0712, -0.0294
2025-03-05 02:53:14.018690, 320, 240, 3.1450, 0.0032, -0.0096, 0.0011, 0.3628, -9.0515, -0.0098
2025-03-05 02:53:14.084171, 320, 240, 3.1040, -0.0043, -0.0085, 0.0027, 0.3432, -9.0712, -0.0098
2025-03-05 02:53:14.118829, 320, 240, 3.1710, -0.0016, -0.0059, 0.0000, 0.3432, -9.0712, -0.0098
2025-03-05 02:53:14.185675, 320, 240, 3.0570, 0.0027, -0.0069, 0.0011, 0.3432, -9.0515, -0.0294
2025-03-05 02:53:14.218899, 320, 240, 3.0330, 0.0016, -0.0080, 0.0016, 0.3432, -9.0712, -0.0098
2025-03-05 02:53:14.285371, 320, 240, 3.0880, -0.0016, -0.0043, 0.0043, 0.3432, -9.0712, -0.0098
2025-03-05 02:53:14.318929, 320, 240, 3.0250, -0.0037, -0.0075, 0.0016, 0.3628, -9.0515, -0.0294
2025-03-05 02:53:14.385483, 320, 240, 3.0800, 0.0064, -0.0059, 0.0037, 0.3628, -9.0515, -0.0294
2025-03-05 02:53:14.418968, 320, 240, 3.0410, 0.0011, -0.0064, -0.0011, 0.3432, -9.0515, -0.0098
2025-03-05 02:53:14.485892, 320, 240, 3.0640, 0.0000, -0.0085, 0.0021, 0.3432, -9.0515, -0.0098
2025-03-05 02:53:14.519043, 320, 240, 3.0330, -0.0021, -0.0069, 0.0048, 0.3628, -9.0515, -0.0294
2025-03-05 02:53:14.585870, 320, 240, 3.1960, 0.0011, -0.0091, 0.0021, 0.3432, -9.0515, -0.0294
2025-03-05 02:53:14.619064, 320, 240, 3.1790, 0.0005, -0.0027, 0.0016, 0.3432, -9.0712, -0.0098
2025-03-05 02:53:14.685570, 320, 240, 3.0180, -0.0037, -0.0080, 0.0064, 0.3432, -9.0515, -0.0098
2025-03-05 02:53:14.718997, 320, 240, 3.0640, -0.0021, -0.0080, 0.0027, 0.3432, -9.0712, -0.0294
2025-03-05 02:53:14.785729, 320, 240, 3.1790, 0.0032, -0.0075, 0.0005, 0.3432, -9.0515, -0.0490
2025-03-05 02:53:14.818553, 320, 240, 3.0250, 0.0005, -0.0059, 0.0053, 0.3432, -9.0515, -0.0098
2025-03-05 02:53:14.884488, 320, 240, 3.0640, -0.0016, -0.0117, 0.0027, 0.3432, -9.0712, -0.0294
2025-03-05 02:53:14.919473, 320, 240, 3.1040, -0.0005, -0.0032, 0.0016, 0.3432, -9.0515, -0.0294
2025-03-05 02:53:14.986067, 320, 240, 3.0800, -0.0032, -0.0021, 0.0005, 0.3432, -9.0515, -0.0098
2025-03-05 02:53:15.019446, 320, 240, 3.0250, 0.0000, -0.0112, 0.0021, 0.3628, -9.0712, -0.0098
2025-03-05 02:53:15.085798, 320, 240, 3.1040, -0.0064, -0.0069, 0.0016, 0.3432, -9.0712, 0.0000
2025-03-05 02:53:15.119470, 320, 240, 3.1130, 0.0032, -0.0053, 0.0005, 0.3432, -9.0515, -0.0294
2025-03-05 02:53:15.186380, 320, 240, 3.0250, 0.0043, -0.0064, 0.0059, 0.3432, -9.0515, -0.0294
2025-03-05 02:53:15.219357, 320, 240, 3.0880, 0.0021, -0.0080, 0.0027, 0.3628, -9.0712, 0.0000
2025-03-05 02:53:15.286530, 320, 240, 3.1620, -0.0043, -0.0091, 0.0037, 0.3236, -9.0712, -0.0098
2025-03-05 02:53:15.319416, 320, 240, 3.0330, 0.0005, -0.0096, 0.0032, 0.3432, -9.0712, -0.0294
2025-03-05 02:53:15.386476, 320, 240, 3.1450, 0.0016, -0.0075, 0.0064, 0.3432, -9.0515, -0.0294
2025-03-05 02:53:15.419586, 320, 240, 3.1040, 0.0000, -0.0096, 0.0016, 0.3432, -9.0515, -0.0294
2025-03-05 02:53:15.486071, 320, 240, 3.1960, 0.0000, -0.0069, 0.0021, 0.3432, -9.0515, -0.0098
2025-03-05 02:53:15.519413, 320, 240, 3.1210, 0.0000, -0.0123, -0.0011, 0.3628, -9.0515, -0.0294
2025-03-05 02:53:15.586233, 320, 240, 3.0800, 0.0000, -0.0107, 0.0043, 0.3432, -9.0515, -0.0294
2025-03-05 02:53:15.619714, 320, 240, 3.0250, -0.0005, -0.0091, 0.0011, 0.3236, -9.0712, -0.0098
2025-03-05 02:53:15.686522, 320, 240, 3.1880, 0.0005, -0.0101, 0.0037, 0.3432, -9.0712, -0.0098
2025-03-05 02:53:15.719742, 320, 240, 3.1210, -0.0037, -0.0037, 0.0011, 0.3432, -9.0515, -0.0098
2025-03-05 02:53:15.786490, 320, 240, 3.1040, -0.0021, -0.0043, 0.0043, 0.3432, -9.0515, -0.0098
2025-03-05 02:53:15.819975, 320, 240, 3.1790, 0.0021, -0.0075, 0.0027, 0.3432, -9.0515, -0.0098
2025-03-05 02:53:15.884936, 320, 240, 3.0410, -0.0032, -0.0069, 0.0032, 0.3432, -9.0712, -0.0294
2025-03-05 02:53:15.920132, 320, 240, 3.0880, -0.0005, -0.0080, 0.0048, 0.3432, -9.0712, -0.0294
2025-03-05 02:53:15.986417, 320, 240, 3.0880, 0.0016, -0.0059, 0.0016, 0.3236, -9.0712, -0.0294
2025-03-05 02:53:16.019910, 320, 240, 3.1040, 0.0000, -0.0080, 0.0011, 0.3628, -9.0712, -0.0098
2025-03-05 02:53:16.085174, 320, 240, 3.1450, -0.0005, -0.0091, 0.0011, 0.3432, -9.0515, -0.0098
2025-03-05 02:53:16.120279, 320, 240, 3.1210, -0.0032, -0.0085, 0.0032, 0.3432, -9.0515, -0.0098
2025-03-05 02:53:16.186759, 320, 240, 3.1880, 0.0011, -0.0069, 0.0048, 0.3432, -9.0515, -0.0098
2025-03-05 02:53:16.220163, 320, 240, 3.1210, -0.0005, -0.0091, 0.0043, 0.3628, -9.0712, -0.0098
2025-03-05 02:53:16.285708, 320, 240, 3.0250, -0.0016, -0.0091, -0.0021, 0.3432, -9.0515, -0.0098
2025-03-05 02:53:16.320314, 320, 240, 3.2140, -0.0016, -0.0096, 0.0005, 0.3432, -9.0515, -0.0490
2025-03-05 02:53:16.387090, 320, 240, 3.0570, 0.0016, -0.0069, 0.0011, 0.3628, -9.0712, -0.0098
2025-03-05 02:53:16.420330, 320, 240, 3.1710, -0.0011, -0.0096, 0.0016, 0.3432, -9.0712, -0.0098
2025-03-05 02:53:16.486741, 320, 240, 3.0100, 0.0048, -0.0101, -0.0021, 0.3432, -9.0712, -0.0294
2025-03-05 02:53:16.519938, 320, 240, 3.0800, -0.0011, -0.0075, 0.0043, 0.3432, -9.0712, -0.0294
2025-03-05 02:53:16.586713, 320, 240, 3.1450, 0.0016, -0.0064, 0.0016, 0.3432, -9.0712, -0.0294
2025-03-05 02:53:16.620389, 320, 240, 3.0570, -0.0021, -0.0080, 0.0037, 0.3432, -9.0515, -0.0098
2025-03-05 02:53:16.686895, 320, 240, 3.0330, 0.0016, -0.0085, 0.0000, 0.3628, -9.0515, -0.0294
2025-03-05 02:53:16.720381, 320, 240, 3.1130, -0.0021, -0.0080, 0.0000, 0.3432, -9.0712, -0.0490
2025-03-05 02:53:16.852899, 320, 240, 3.1210, -0.0016, -0.0064, 0.0032, 0.3432, -9.0712, -0.0294
2025-03-05 02:53:17.654079, 320, 240, 3.0330, 0.0021, -0.0096, 0.0016, 0.3432, -9.0515, -0.0098
2025-03-05 02:53:17.687369, 320, 240, 3.0800, 0.0005, -0.0064, 0.0032, 0.3432, -9.0515, -0.0294
2025-03-05 02:53:17.754341, 320, 240, 3.0880, 0.0043, -0.0117, 0.0021, 0.3236, -9.0515, -0.0294
2025-03-05 02:53:17.787630, 320, 240, 3.0640, 0.0016, -0.0075, 0.0021, 0.3432, -9.0712, -0.0294
2025-03-05 02:53:17.854150, 320, 240, 3.1620, -0.0021, -0.0032, 0.0032, 0.3432, -9.0712, -0.0294
2025-03-05 02:53:17.885895, 320, 240, 3.1620, -0.0016, -0.0064, 0.0005, 0.3432, -9.0515, -0.0294
2025-03-05 02:53:17.954275, 320, 240, 3.1040, -0.0016, -0.0059, 0.0016, 0.3432, -9.0712, -0.0098
2025-03-05 02:53:18.020649, 320, 240, 3.0410, 0.0021, -0.0117, -0.0011, 0.3432, -9.0515, -0.0098
2025-03-05 02:53:18.054463, 320, 240, 3.0640, -0.0011, -0.0064, 0.0000, 0.3628, -9.0515, -0.0294
2025-03-05 02:53:18.121371, 320, 240, 3.1210, -0.0037, -0.0064, 0.0037, 0.3432, -9.0515, -0.0294
2025-03-05 02:53:18.154419, 320, 240, 3.0880, 0.0005, -0.0069, 0.0059, 0.3432, -9.0712, -0.0294
2025-03-05 02:53:18.221066, 320, 240, 3.0800, -0.0011, -0.0075, 0.0011, 0.3432, -9.0712, 0.0000
2025-03-05 02:53:18.254204, 320, 240, 3.1450, 0.0011, -0.0107, 0.0016, 0.3432, -9.0515, 0.0000
2025-03-05 02:53:18.321050, 320, 240, 3.0880, 0.0000, -0.0069, 0.0048, 0.3432, -9.0712, -0.0294
2025-03-05 02:53:18.387440, 320, 240, 3.1370, -0.0027, -0.0101, 0.0016, 0.3628, -9.0515, -0.0294
2025-03-05 02:53:18.421334, 320, 240, 3.0880, 0.0016, -0.0048, 0.0037, 0.3628, -9.0712, -0.0294
2025-03-05 02:53:18.487950, 320, 240, 3.0640, 0.0000, -0.0091, 0.0059, 0.3432, -9.0712, -0.0294
2025-03-05 02:53:18.521376, 320, 240, 3.1040, 0.0011, -0.0096, 0.0011, 0.3432, -9.0319, -0.0294
2025-03-05 02:53:18.587957, 320, 240, 3.0410, 0.0032, -0.0069, 0.0027, 0.3628, -9.0515, -0.0294
2025-03-05 02:53:18.621534, 320, 240, 3.0570, 0.0021, -0.0059, 0.0069, 0.3432, -9.0712, -0.0098
2025-03-05 02:53:18.688071, 320, 240, 3.0570, -0.0016, -0.0037, 0.0043, 0.3432, -9.0712, -0.0294
2025-03-05 02:53:18.721326, 320, 240, 3.0640, 0.0000, -0.0080, 0.0021, 0.3628, -9.0712, -0.0490
2025-03-05 02:53:18.788136, 320, 240, 3.1210, 0.0000, -0.0064, 0.0021, 0.3432, -9.0712, -0.0294
2025-03-05 02:53:18.821591, 320, 240, 3.0800, -0.0016, -0.0091, 0.0011, 0.3432, -9.0515, 0.0000
2025-03-05 02:53:18.886580, 320, 240, 3.1370, 0.0005, -0.0075, 0.0069, 0.3432, -9.0515, -0.0294
2025-03-05 02:53:18.921091, 320, 240, 3.1710, -0.0032, -0.0075, 0.0037, 0.3432, -9.0712, -0.0098
2025-03-05 02:53:18.987956, 320, 240, 3.1040, -0.0011, -0.0107, 0.0027, 0.3432, -9.0712, -0.0294
2025-03-05 02:53:19.021711, 320, 240, 3.0330, -0.0005, -0.0096, -0.0021, 0.3628, -9.0515, -0.0098
2025-03-05 02:53:19.086784, 320, 240, 3.1210, -0.0021, -0.0064, 0.0032, 0.3432, -9.0712, -0.0294
2025-03-05 02:53:19.154794, 320, 240, 3.1040, 0.0005, -0.0053, 0.0021, 0.3628, -9.0712, -0.0294
2025-03-05 02:53:19.188299, 320, 240, 3.1040, -0.0016, -0.0075, 0.0027, 0.3432, -9.0515, -0.0294
2025-03-05 02:53:19.255045, 320, 240, 3.0410, -0.0005, -0.0138, 0.0048, 0.3432, -9.0515, -0.0098
2025-03-05 02:53:19.288369, 320, 240, 3.1040, -0.0064, -0.0075, 0.0011, 0.3432, -9.0515, -0.0294
2025-03-05 02:53:19.355104, 320, 240, 3.0800, 0.0005, -0.0096, 0.0016, 0.3628, -9.0712, -0.0098
2025-03-05 02:53:19.388459, 320, 240, 3.1210, -0.0027, -0.0032, -0.0011, 0.3432, -9.0515, -0.0098
2025-03-05 02:53:19.455204, 320, 240, 3.0410, -0.0005, -0.0117, 0.0000, 0.3628, -9.0515, -0.0098
2025-03-05 02:53:19.488056, 320, 240, 3.0640, -0.0011, -0.0101, -0.0005, 0.3628, -9.0712, -0.0294
2025-03-05 02:53:19.555079, 320, 240, 3.1880, -0.0011, -0.0107, 0.0011, 0.3432, -9.0515, -0.0294
2025-03-05 02:53:19.588612, 320, 240, 3.0880, 0.0016, -0.0037, -0.0037, 0.3432, -9.0515, -0.0098
2025-03-05 02:53:19.655314, 320, 240, 3.1130, -0.0043, -0.0112, 0.0043, 0.3628, -9.0515, -0.0098
2025-03-05 02:53:19.688665, 320, 240, 3.1130, -0.0016, -0.0069, 0.0021, 0.3432, -9.0712, -0.0294
2025-03-05 02:53:19.755352, 320, 240, 3.1040, 0.0027, -0.0059, 0.0016, 0.3432, -9.0515, -0.0294
2025-03-05 02:53:20.388738, 320, 240, 3.1710, 0.0011, -0.0059, 0.0032, 0.3432, -9.0515, -0.0294
2025-03-05 02:53:20.422428, 320, 240, 3.0880, 0.0059, -0.0032, 0.0005, 0.3628, -9.0515, -0.0098
2025-03-05 02:53:20.488801, 320, 240, 3.0570, 0.0005, -0.0107, 0.0032, 0.3432, -9.0515, -0.0098
2025-03-05 02:53:20.522395, 320, 240, 3.0330, 0.0000, -0.0064, 0.0011, 0.3628, -9.0712, -0.0098
2025-03-05 02:53:20.589059, 320, 240, 3.1370, 0.0000, -0.0075, 0.0000, 0.3432, -9.0712, -0.0294
2025-03-05 02:53:20.622532, 320, 240, 3.1040, 0.0000, -0.0048, 0.0027, 0.3432, -9.0712, -0.0098
2025-03-05 02:53:20.689143, 320, 240, 3.1040, 0.0027, -0.0096, 0.0053, 0.3432, -9.0712, -0.0294
2025-03-05 02:53:20.722555, 320, 240, 3.1210, 0.0000, -0.0053, 0.0011, 0.3432, -9.0515, -0.0294
2025-03-05 02:53:20.789255, 320, 240, 3.0800, -0.0021, -0.0075, 0.0037, 0.3628, -9.0712, 0.0000
2025-03-05 02:53:20.822612, 320, 240, 3.0640, 0.0005, -0.0091, 0.0048, 0.3432, -9.0515, -0.0294
2025-03-05 02:53:20.887883, 320, 240, 3.1210, 0.0011, -0.0080, 0.0064, 0.3432, -9.0712, -0.0490
2025-03-05 02:53:20.920923, 320, 240, 3.0880, -0.0016, -0.0075, 0.0005, 0.3432, -9.0712, -0.0098
2025-03-05 02:53:20.989185, 320, 240, 3.1130, 0.0000, -0.0059, 0.0075, 0.3432, -9.0515, -0.0294
2025-03-05 02:53:21.022720, 320, 240, 3.0410, -0.0021, -0.0064, -0.0005, 0.3432, -9.0515, -0.0098
2025-03-05 02:53:21.088729, 320, 240, 3.0640, -0.0027, -0.0075, 0.0000, 0.3432, -9.0515, -0.0294
2025-03-05 02:53:21.155615, 320, 240, 3.1370, 0.0005, -0.0021, 0.0032, 0.3432, -9.0515, -0.0098
2025-03-05 02:53:21.189334, 320, 240, 3.1040, -0.0005, -0.0101, 0.0027, 0.3432, -9.0515, -0.0294
2025-03-05 02:53:21.256054, 320, 240, 3.0880, 0.0005, -0.0123, 0.0016, 0.3628, -9.0712, -0.0098
2025-03-05 02:53:21.289507, 320, 240, 3.1210, 0.0048, -0.0080, 0.0000, 0.3432, -9.0712, -0.0294
2025-03-05 02:53:21.356308, 320, 240, 3.1370, 0.0000, -0.0117, 0.0005, 0.3432, -9.0515, -0.0098
2025-03-05 02:53:21.389613, 320, 240, 3.1040, 0.0000, -0.0064, 0.0032, 0.3432, -9.0515, -0.0098
2025-03-05 02:53:21.455946, 320, 240, 3.1370, 0.0011, -0.0069, 0.0021, 0.3432, -9.0515, -0.0294
2025-03-05 02:53:21.489540, 320, 240, 3.1130, -0.0064, -0.0053, 0.0016, 0.3628, -9.0712, -0.0294
2025-03-05 02:53:21.556416, 320, 240, 3.1620, -0.0011, -0.0064, 0.0037, 0.3432, -9.0515, -0.0098
2025-03-05 02:53:21.589438, 320, 240, 3.1620, 0.0000, -0.0101, 0.0011, 0.3628, -9.0515, -0.0294
2025-03-05 02:53:21.689460, 320, 240, 3.0180, -0.0021, -0.0075, 0.0048, 0.3432, -9.0515, -0.0294
2025-03-05 02:53:21.722227, 320, 240, 3.0880, 0.0032, -0.0069, 0.0000, 0.3432, -9.0515, -0.0098
2025-03-05 02:53:21.789403, 320, 240, 3.1620, 0.0016, -0.0091, 0.0000, 0.3628, -9.0515, -0.0294
2025-03-05 02:53:21.823125, 320, 240, 3.1370, -0.0005, -0.0096, 0.0032, 0.3432, -9.0515, -0.0098
2025-03-05 02:53:21.888450, 320, 240, 3.1370, 0.0000, -0.0069, 0.0032, 0.3432, -9.0515, -0.0294
2025-03-05 02:53:21.923212, 320, 240, 3.1370, 0.0011, -0.0043, 0.0027, 0.3432, -9.0712, -0.0098
2025-03-05 02:53:21.989648, 320, 240, 3.1130, -0.0005, -0.0080, 0.0021, 0.3432, -9.0712, -0.0098
2025-03-05 02:53:22.021681, 320, 240, 3.0570, -0.0005, -0.0091, 0.0053, 0.3628, -9.0712, -0.0098
2025-03-05 02:53:22.088282, 320, 240, 3.1130, 0.0011, -0.0107, 0.0032, 0.3628, -9.0515, -0.0294
2025-03-05 02:53:22.123330, 320, 240, 3.1620, -0.0048, -0.0085, 0.0048, 0.3628, -9.0712, -0.0098
2025-03-05 02:53:22.189865, 320, 240, 3.0410, -0.0021, -0.0080, 0.0037, 0.3432, -9.0712, -0.0490
2025-03-05 02:53:22.223257, 320, 240, 3.0880, 0.0000, -0.0075, 0.0048, 0.3628, -9.0712, -0.0294
2025-03-05 02:53:22.289920, 320, 240, 3.0570, 0.0000, -0.0101, 0.0005, 0.3628, -9.0515, -0.0294
2025-03-05 02:53:22.323056, 320, 240, 3.0180, -0.0011, -0.0069, -0.0027, 0.3432, -9.0515, -0.0294
2025-03-05 02:53:22.389928, 320, 240, 3.0180, 0.0016, -0.0032, 0.0005, 0.3628, -9.0515, -0.0294
2025-03-05 02:53:22.423276, 320, 240, 3.0640, -0.0011, -0.0091, 0.0011, 0.3432, -9.0515, -0.0098
2025-03-05 02:53:22.489853, 320, 240, 3.1210, 0.0016, -0.0069, 0.0032, 0.3628, -9.0515, -0.0294
2025-03-05 02:53:22.523177, 320, 240, 3.1450, 0.0005, -0.0048, 0.0000, 0.3628, -9.0712, -0.0098
2025-03-05 02:53:22.590267, 320, 240, 3.0800, 0.0011, -0.0053, 0.0032, 0.3432, -9.0515, -0.0294
2025-03-05 02:53:22.623559, 320, 240, 3.0410, -0.0027, -0.0096, 0.0016, 0.3432, -9.0712, -0.0294
2025-03-05 02:53:22.690129, 320, 240, 3.0880, -0.0032, -0.0096, 0.0016, 0.3432, -9.0515, -0.0294
2025-03-05 02:53:22.823611, 320, 240, 3.1040, -0.0032, -0.0043, 0.0011, 0.3628, -9.0515, -0.0294
2025-03-05 02:53:22.856873, 320, 240, 3.1370, -0.0021, -0.0075, 0.0048, 0.3628, -9.0712, -0.0294
2025-03-05 02:53:22.923704, 320, 240, 3.1450, 0.0005, -0.0075, 0.0011, 0.3432, -9.0515, -0.0294
2025-03-05 02:53:22.955951, 320, 240, 3.1040, -0.0021, -0.0059, 0.0027, 0.3628, -9.0515, -0.0294
2025-03-05 02:53:23.023702, 320, 240, 3.1210, 0.0000, -0.0080, 0.0021, 0.3628, -9.0515, -0.0294
2025-03-05 02:53:23.057011, 320, 240, 3.1040, 0.0011, -0.0032, 0.0048, 0.3628, -9.0515, -0.0294
2025-03-05 02:53:23.123460, 320, 240, 3.1210, 0.0011, -0.0027, 0.0027, 0.3432, -9.0712, -0.0490
2025-03-05 02:53:23.157120, 320, 240, 3.0800, -0.0011, -0.0069, 0.0016, 0.3628, -9.0515, -0.0098
2025-03-05 02:53:23.223685, 320, 240, 3.1210, 0.0011, -0.0075, 0.0027, 0.3432, -9.0515, -0.0294
2025-03-05 02:53:23.257017, 320, 240, 3.0800, 0.0016, -0.0043, -0.0011, 0.3628, -9.0515, -0.0294
2025-03-05 02:53:23.323888, 320, 240, 3.0330, -0.0027, -0.0096, -0.0011, 0.3628, -9.0712, -0.0294
2025-03-05 02:53:23.357214, 320, 240, 3.0410, -0.0011, -0.0059, 0.0032, 0.3628, -9.0319, -0.0098
2025-03-05 02:53:23.423707, 320, 240, 3.0180, 0.0027, -0.0064, 0.0000, 0.3628, -9.0515, -0.0098
2025-03-05 02:53:23.457231, 320, 240, 3.1710, -0.0016, -0.0043, -0.0016, 0.3432, -9.0515, -0.0098
2025-03-05 02:53:23.523831, 320, 240, 3.2140, 0.0005, -0.0021, 0.0016, 0.3432, -9.0712, -0.0098
2025-03-05 02:53:23.557337, 320, 240, 3.1210, 0.0027, -0.0091, 0.0000, 0.3432, -9.0515, -0.0294
2025-03-05 02:53:23.623901, 320, 240, 3.1710, 0.0000, -0.0075, 0.0016, 0.3432, -9.0712, -0.0294
2025-03-05 02:53:23.657510, 320, 240, 3.0640, -0.0037, -0.0048, 0.0016, 0.3628, -9.0712, -0.0490
2025-03-05 02:53:23.724089, 320, 240, 3.1370, 0.0011, -0.0091, -0.0005, 0.3628, -9.0712, -0.0098
2025-03-05 02:53:23.757477, 320, 240, 3.1370, -0.0021, -0.0069, 0.0037, 0.3432, -9.0515, -0.0294
2025-03-05 02:53:23.824036, 320, 240, 3.1130, -0.0027, -0.0075, 0.0016, 0.3432, -9.0515, -0.0294
2025-03-05 02:53:23.857539, 320, 240, 3.0640, -0.0016, -0.0064, 0.0037, 0.3628, -9.0712, -0.0294
2025-03-05 02:53:23.924410, 320, 240, 3.0800, 0.0011, -0.0075, 0.0053, 0.3432, -9.0515, -0.0098
2025-03-05 02:53:23.957729, 320, 240, 3.1210, 0.0011, -0.0032, 0.0011, 0.3432, -9.0515, -0.0098
2025-03-05 02:53:24.024526, 320, 240, 3.0640, -0.0005, -0.0048, 0.0037, 0.3628, -9.0712, -0.0294
2025-03-05 02:53:24.057579, 320, 240, 3.1370, -0.0016, -0.0080, 0.0053, 0.3432, -9.0515, -0.0294
2025-03-05 02:53:24.124614, 320, 240, 3.0640, -0.0021, -0.0059, 0.0021, 0.3432, -9.0515, -0.0098
2025-03-05 02:53:24.157368, 320, 240, 3.0640, 0.0043, -0.0027, 0.0027, 0.3628, -9.0515, -0.0098
2025-03-05 02:53:24.224782, 320, 240, 3.0640, 0.0037, -0.0075, 0.0027, 0.3628, -9.0712, -0.0294
2025-03-05 02:53:24.257781, 320, 240, 3.0800, -0.0011, -0.0064, 0.0059, 0.3432, -9.0515, -0.0294
2025-03-05 02:53:24.324503, 320, 240, 3.1210, -0.0032, -0.0080, 0.0043, 0.3432, -9.0712, -0.0490
2025-03-05 02:53:24.357826, 320, 240, 2.9950, -0.0027, -0.0069, 0.0011, 0.3432, -9.0515, -0.0098
2025-03-05 02:53:24.424409, 320, 240, 3.0410, 0.0021, -0.0075, 0.0011, 0.3432, -9.0515, -0.0294
2025-03-05 02:53:24.457772, 320, 240, 3.0800, 0.0005, -0.0101, -0.0037, 0.3432, -9.0712, -0.0294
2025-03-05 02:53:24.524586, 320, 240, 3.0880, -0.0021, -0.0112, 0.0048, 0.3432, -9.0515, -0.0294
2025-03-05 02:53:24.557864, 320, 240, 3.0880, 0.0005, -0.0059, 0.0021, 0.3628, -9.0515, -0.0294
2025-03-05 02:53:24.624666, 320, 240, 3.0410, 0.0016, -0.0123, 0.0021, 0.3628, -9.0515, -0.0098
2025-03-05 02:53:24.658963, 320, 240, 3.1130, -0.0048, -0.0085, 0.0059, 0.3628, -9.0712, -0.0294
2025-03-05 02:53:24.724684, 320, 240, 3.1370, 0.0000, -0.0085, -0.0005, 0.3628, -9.0515, -0.0294
2025-03-05 02:53:24.758526, 320, 240, 3.1370, -0.0016, -0.0011, 0.0021, 0.3432, -9.0515, -0.0098
2025-03-05 02:53:24.824730, 320, 240, 3.1710, -0.0011, -0.0048, 0.0016, 0.3432, -9.0515, -0.0294
2025-03-05 02:53:24.858106, 320, 240, 3.1210, 0.0021, -0.0053, 0.0027, 0.3432, -9.0515, -0.0294
2025-03-05 02:53:24.924776, 320, 240, 3.0570, 0.0037, -0.0032, 0.0011, 0.3628, -9.0712, -0.0098
2025-03-05 02:53:24.958506, 320, 240, 3.0330, -0.0021, -0.0091, 0.0021, 0.3432, -9.0515, -0.0098
2025-03-05 02:53:25.024850, 320, 240, 3.0640, -0.0016, -0.0059, 0.0048, 0.3432, -9.0712, -0.0098
2025-03-05 02:53:25.058128, 320, 240, 3.0800, 0.0011, -0.0069, 0.0048, 0.3432, -9.0515, -0.0294
2025-03-05 02:53:25.124027, 320, 240, 3.0640, 0.0016, -0.0048, -0.0011, 0.3432, -9.0515, -0.0294
2025-03-05 02:53:25.158370, 320, 240, 3.1450, 0.0021, -0.0064, 0.0043, 0.3432, -9.0515, -0.0098
2025-03-05 02:53:25.225084, 320, 240, 3.1040, 0.0027, -0.0037, 0.0027, 0.3432, -9.0319, -0.0098
2025-03-05 02:53:25.258294, 320, 240, 3.1210, 0.0000, -0.0059, 0.0021, 0.3432, -9.0712, -0.0098
2025-03-05 02:53:25.324976, 320, 240, 3.1040, -0.0011, -0.0091, -0.0016, 0.3432, -9.0712, -0.0098
2025-03-05 02:53:25.358182, 320, 240, 3.1040, -0.0048, -0.0059, -0.0011, 0.3432, -9.0712, -0.0294
2025-03-05 02:53:25.424976, 320, 240, 3.2220, 0.0005, -0.0059, 0.0075, 0.3236, -9.0515, -0.0294
2025-03-05 02:53:25.658524, 320, 240, 3.1790, -0.0005, -0.0080, 0.0016, 0.3432, -9.0515, -0.0294
2025-03-05 02:53:25.692268, 320, 240, 3.0880, 0.0048, -0.0059, 0.0011, 0.3432, -9.0515, -0.0294
2025-03-05 02:53:29.626347, 320, 240, 3.1040, -0.0027, -0.0080, 0.0000, 0.3628, -9.0712, 0.0000
2025-03-05 02:53:29.659196, 320, 240, 3.0640, -0.0032, -0.0091, 0.0048, 0.3432, -9.0515, -0.0098
2025-03-05 02:53:29.993184, 320, 240, 3.1040, -0.0032, -0.0053, 0.0032, 0.3628, -9.0712, -0.0098
2025-03-05 02:53:30.026471, 320, 240, 3.1210, 0.0016, -0.0064, 0.0021, 0.3628, -9.0319, -0.0294
2025-03-05 02:53:30.093023, 320, 240, 3.0880, 0.0027, -0.0053, 0.0016, 0.3432, -9.0712, -0.0098
2025-03-05 02:53:30.126358, 320, 240, 3.0410, -0.0016, -0.0096, 0.0021, 0.3628, -9.0515, -0.0098
2025-03-05 02:53:30.193656, 320, 240, 3.0800, -0.0011, -0.0080, 0.0016, 0.3628, -9.0515, -0.0098
2025-03-05 02:53:30.226890, 320, 240, 3.1450, 0.0043, -0.0085, 0.0027, 0.3432, -9.0515, -0.0294
2025-03-05 02:53:30.293801, 320, 240, 3.1790, 0.0043, -0.0080, 0.0000, 0.3432, -9.0515, -0.0098
2025-03-05 02:53:30.326535, 320, 240, 3.1130, 0.0016, -0.0059, 0.0011, 0.3432, -9.0515, -0.0098
2025-03-05 02:53:30.860403, 320, 240, 3.0180, 0.0011, -0.0053, 0.0037, 0.3628, -9.0515, -0.0294
2025-03-05 02:53:30.893611, 320, 240, 3.1040, -0.0021, -0.0123, 0.0048, 0.3432, -9.0515, -0.0294
2025-03-05 02:53:30.927721, 320, 240, 3.1040, 0.0016, -0.0075, 0.0043, 0.3628, -9.0712, -0.0098
2025-03-05 02:53:30.961133, 320, 240, 3.0330, -0.0021, -0.0123, 0.0037, 0.3432, -9.0712, -0.0294
2025-03-05 02:53:31.027843, 320, 240, 3.1450, 0.0032, -0.0080, 0.0011, 0.3432, -9.0712, -0.0294
2025-03-05 02:53:31.060474, 320, 240, 3.1130, -0.0027, -0.0096, 0.0005, 0.3628, -9.0515, -0.0294
2025-03-05 02:53:31.127599, 320, 240, 3.1130, 0.0016, -0.0096, 0.0016, 0.3628, -9.0712, -0.0294
2025-03-05 02:53:31.295056, 320, 240, 3.1620, 0.0021, -0.0064, 0.0043, 0.3432, -9.0515, -0.0294
2025-03-05 02:53:31.328161, 320, 240, 3.0410, 0.0016, -0.0048, 0.0059, 0.3628, -9.0515, -0.0294
2025-03-05 02:53:31.428311, 320, 240, 3.0640, 0.0011, -0.0085, 0.0000, 0.3432, -9.0712, -0.0294
2025-03-05 02:53:31.461354, 320, 240, 3.0880, -0.0005, -0.0048, 0.0032, 0.3432, -9.0712, -0.0294
2025-03-05 02:53:31.528217, 320, 240, 3.1040, 0.0037, -0.0069, 0.0027, 0.3628, -9.0515, -0.0294
2025-03-05 02:53:31.594447, 320, 240, 3.1710, 0.0011, -0.0075, 0.0032, 0.3628, -9.0712, -0.0098
2025-03-05 02:53:31.628580, 320, 240, 3.1710, -0.0032, -0.0043, 0.0021, 0.3432, -9.0515, -0.0294
2025-03-05 02:53:31.695007, 320, 240, 3.1790, 0.0011, -0.0064, 0.0037, 0.3628, -9.0712, -0.0294
2025-03-05 02:53:31.728379, 320, 240, 3.1620, 0.0043, -0.0048, 0.0027, 0.3432, -9.0515, -0.0294
2025-03-05 02:53:31.794730, 320, 240, 3.0800, 0.0005, -0.0096, 0.0037, 0.3432, -9.0515, -0.0098
2025-03-05 02:53:31.828658, 320, 240, 3.1790, 0.0011, -0.0069, 0.0000, 0.3432, -9.0515, -0.0294
2025-03-05 02:53:31.895353, 320, 240, 3.0640, 0.0000, -0.0085, 0.0032, 0.3432, -9.0515, -0.0294
2025-03-05 02:53:31.928793, 320, 240, 3.0330, -0.0016, -0.0053, 0.0064, 0.3628, -9.0515, -0.0294
2025-03-05 02:53:31.995170, 320, 240, 3.0570, -0.0027, -0.0107, 0.0016, 0.3432, -9.0515, -0.0294
2025-03-05 02:53:32.028752, 320, 240, 3.1450, -0.0016, -0.0091, 0.0021, 0.3432, -9.0515, -0.0294
2025-03-05 02:53:32.094210, 320, 240, 3.0570, 0.0005, -0.0107, 0.0016, 0.3628, -9.0515, -0.0294
2025-03-05 02:53:32.128827, 320, 240, 3.0330, 0.0005, -0.0069, -0.0016, 0.3432, -9.0515, -0.0098
2025-03-05 02:53:32.195059, 320, 240, 3.0330, 0.0032, -0.0069, 0.0027, 0.3432, -9.0712, -0.0294
2025-03-05 02:53:32.228770, 320, 240, 3.1710, 0.0005, -0.0101, 0.0059, 0.3432, -9.0515, -0.0294
2025-03-05 02:53:32.294963, 320, 240, 3.0880, 0.0005, -0.0080, 0.0064, 0.3432, -9.0515, -0.0294
2025-03-05 02:53:32.328828, 320, 240, 3.0880, 0.0032, -0.0053, 0.0059, 0.3628, -9.0515, -0.0098
2025-03-05 02:53:32.395455, 320, 240, 3.1450, 0.0005, -0.0085, 0.0005, 0.3628, -9.0712, -0.0294
2025-03-05 02:53:32.428883, 320, 240, 3.1790, -0.0005, -0.0080, 0.0059, 0.3628, -9.0515, -0.0294
2025-03-05 02:53:32.495277, 320, 240, 3.0570, 0.0011, -0.0048, 0.0021, 0.3432, -9.0515, -0.0294
2025-03-05 02:53:32.528738, 320, 240, 3.1790, 0.0011, -0.0080, 0.0043, 0.3432, -9.0515, -0.0294
2025-03-05 02:53:32.595410, 320, 240, 3.1210, -0.0048, -0.0075, 0.0027, 0.3432, -9.0515, -0.0098
2025-03-05 02:53:32.628960, 320, 240, 3.1620, -0.0005, -0.0075, 0.0027, 0.3628, -9.0515, -0.0098
2025-03-05 02:53:32.695614, 320, 240, 3.1130, -0.0021, -0.0069, 0.0053, 0.3432, -9.0515, -0.0294
2025-03-05 02:53:32.729012, 320, 240, 3.0880, 0.0011, -0.0096, 0.0048, 0.3628, -9.0515, -0.0098
2025-03-05 02:53:32.795533, 320, 240, 3.1130, -0.0027, -0.0043, 0.0048, 0.3432, -9.0712, -0.0294
2025-03-05 02:53:32.828692, 320, 240, 3.0250, 0.0005, -0.0085, 0.0011, 0.3432, -9.0515, -0.0294
2025-03-05 02:53:32.895577, 320, 240, 3.0410, 0.0021, -0.0059, 0.0053, 0.3432, -9.0515, -0.0294
2025-03-05 02:53:32.928837, 320, 240, 3.1210, 0.0016, -0.0123, 0.0032, 0.3432, -9.0712, -0.0294
2025-03-05 02:53:32.995655, 320, 240, 3.1040, 0.0027, -0.0069, 0.0027, 0.3628, -9.0712, -0.0294
2025-03-05 02:53:33.029098, 320, 240, 3.0800, 0.0000, -0.0075, 0.0000, 0.3432, -9.0515, -0.0098
2025-03-05 02:53:33.094514, 320, 240, 3.0180, 0.0005, -0.0101, 0.0032, 0.3432, -9.0515, -0.0294
2025-03-05 02:53:33.128221, 320, 240, 3.0330, 0.0005, -0.0096, 0.0021, 0.3432, -9.0515, -0.0490
2025-03-05 02:53:33.195816, 320, 240, 3.1040, 0.0021, -0.0112, 0.0021, 0.3432, -9.0515, -0.0490
2025-03-05 02:53:33.228964, 320, 240, 3.1040, -0.0032, -0.0059, 0.0021, 0.3628, -9.0712, -0.0294
2025-03-05 02:53:33.295285, 320, 240, 3.0410, 0.0011, -0.0075, 0.0053, 0.3432, -9.0515, -0.0294
2025-03-05 02:53:33.329101, 320, 240, 3.1790, -0.0027, -0.0080, 0.0027, 0.3432, -9.0515, -0.0294
2025-03-05 02:53:33.396001, 320, 240, 3.1210, -0.0005, -0.0069, 0.0005, 0.3628, -9.0515, -0.0098
2025-03-05 02:53:33.429136, 320, 240, 3.1040, 0.0011, -0.0075, 0.0032, 0.3628, -9.0515, -0.0098
2025-03-05 02:53:33.495560, 320, 240, 3.1130, 0.0005, -0.0048, -0.0027, 0.3432, -9.0515, -0.0294
2025-03-05 02:53:33.529125, 320, 240, 3.1040, -0.0016, -0.0101, 0.0005, 0.3432, -9.0712, -0.0294
2025-03-05 02:53:33.596069, 320, 240, 3.0410, -0.0011, -0.0075, 0.0005, 0.3628, -9.0712, -0.0098
2025-03-05 02:53:33.629262, 320, 240, 3.0800, 0.0000, -0.0064, 0.0048, 0.3432, -9.0515, -0.0098
2025-03-05 02:53:33.696573, 320, 240, 3.0640, -0.0016, -0.0064, 0.0021, 0.3432, -9.0712, -0.0490
2025-03-05 02:53:33.762061, 320, 240, 3.0570, -0.0005, -0.0064, 0.0005, 0.3628, -9.0515, -0.0294
2025-03-05 02:53:33.796139, 320, 240, 3.1790, -0.0016, -0.0112, 0.0011, 0.3432, -9.0515, -0.0294
2025-03-05 02:53:33.863095, 320, 240, 3.1210, -0.0016, -0.0059, 0.0011, 0.3628, -9.0515, -0.0098
2025-03-05 02:53:33.896514, 320, 240, 3.1040, -0.0005, -0.0085, 0.0005, 0.3432, -9.0515, -0.0098
2025-03-05 02:53:33.962849, 320, 240, 3.1130, 0.0005, -0.0123, 0.0016, 0.3432, -9.0515, -0.0098
2025-03-05 02:53:33.996290, 320, 240, 3.0570, 0.0005, -0.0080, 0.0000, 0.3628, -9.0515, -0.0294
2025-03-05 02:53:34.062896, 320, 240, 3.1040, 0.0011, -0.0075, -0.0021, 0.3432, -9.0515, -0.0294
2025-03-05 02:53:34.095580, 320, 240, 3.1880, 0.0048, -0.0085, 0.0021, 0.3628, -9.0712, -0.0294
2025-03-05 02:53:34.162753, 320, 240, 3.1370, 0.0021, -0.0064, 0.0048, 0.3432, -9.0712, -0.0294
2025-03-05 02:53:34.196199, 320, 240, 3.0030, -0.0011, -0.0053, 0.0069, 0.3432, -9.0515, -0.0294
2025-03-05 02:53:34.263124, 320, 240, 3.0880, 0.0005, -0.0048, 0.0053, 0.3432, -9.0712, -0.0098
2025-03-05 02:53:34.296267, 320, 240, 3.1370, -0.0011, -0.0101, 0.0021, 0.3432, -9.0515, -0.0294
2025-03-05 02:53:34.363446, 320, 240, 3.0640, -0.0016, -0.0048, 0.0011, 0.3628, -9.0515, -0.0294
2025-03-05 02:53:34.396524, 320, 240, 3.1040, 0.0032, -0.0064, 0.0027, 0.3432, -9.0712, -0.0294
2025-03-05 02:53:34.463011, 320, 240, 3.0570, -0.0032, -0.0059, 0.0059, 0.3628, -9.0712, -0.0294
2025-03-05 02:53:34.496404, 320, 240, 3.0640, 0.0016, -0.0059, 0.0027, 0.3628, -9.0712, -0.0098
2025-03-05 02:53:34.563044, 320, 240, 3.1370, 0.0011, -0.0085, 0.0000, 0.3432, -9.0712, -0.0098
2025-03-05 02:53:34.596327, 320, 240, 3.1040, -0.0016, -0.0080, 0.0032, 0.3432, -9.0515, -0.0294
2025-03-05 02:53:34.661680, 320, 240, 3.0410, -0.0016, -0.0091, 0.0069, 0.3628, -9.0515, -0.0294
2025-03-05 02:53:34.696557, 320, 240, 3.0030, 0.0016, -0.0059, 0.0048, 0.3432, -9.0712, -0.0294
2025-03-05 02:53:34.763206, 320, 240, 3.1370, -0.0043, -0.0096, 0.0027, 0.3432, -9.0515, -0.0098
2025-03-05 02:53:34.796593, 320, 240, 3.1370, 0.0048, -0.0069, 0.0011, 0.3432, -9.0515, -0.0294
2025-03-05 02:53:34.863102, 320, 240, 3.0800, -0.0011, -0.0091, 0.0048, 0.3628, -9.0515, -0.0294
2025-03-05 02:53:34.896923, 320, 240, 3.1450, -0.0053, -0.0085, 0.0016, 0.3432, -9.0515, -0.0294
2025-03-05 02:53:34.963785, 320, 240, 3.0800, -0.0005, -0.0059, 0.0048, 0.3628, -9.0515, -0.0294
2025-03-05 02:53:34.996973, 320, 240, 3.1790, -0.0016, -0.0091, 0.0021, 0.3432, -9.0712, -0.0294
2025-03-05 02:53:35.063409, 320, 240, 3.1130, 0.0000, -0.0037, 0.0016, 0.3432, -9.0515, -0.0294
2025-03-05 02:53:35.096325, 320, 240, 3.1450, 0.0011, -0.0069, 0.0080, 0.3628, -9.0515, -0.0098
2025-03-05 02:53:35.163780, 320, 240, 3.1210, 0.0021, -0.0091, 0.0027, 0.3432, -9.0515, -0.0490
2025-03-05 02:53:35.197002, 320, 240, 3.1130, 0.0027, -0.0112, 0.0048, 0.3432, -9.0515, -0.0098
2025-03-05 02:53:35.263706, 320, 240, 3.1130, 0.0027, -0.0053, 0.0048, 0.3236, -9.0515, -0.0294
2025-03-05 02:53:35.297218, 320, 240, 3.1370, 0.0005, -0.0101, -0.0016, 0.3432, -9.0712, -0.0294
2025-03-05 02:53:35.363623, 320, 240, 3.1040, 0.0000, -0.0064, 0.0043, 0.3628, -9.0515, -0.0294
2025-03-05 02:53:35.397181, 320, 240, 3.0800, -0.0005, -0.0053, 0.0011, 0.3432, -9.0515, -0.0294
2025-03-05 02:53:35.463615, 320, 240, 3.0570, -0.0016, -0.0096, 0.0043, 0.3628, -9.0712, -0.0294
2025-03-05 02:53:35.497115, 320, 240, 3.0880, 0.0021, -0.0005, 0.0021, 0.3432, -9.0712, -0.0098
2025-03-05 02:53:35.563853, 320, 240, 3.1620, -0.0016, -0.0133, 0.0043, 0.3628, -9.0515, -0.0098
2025-03-05 02:53:35.597267, 320, 240, 3.1040, 0.0027, -0.0075, 0.0016, 0.3432, -9.0515, -0.0294
2025-03-05 02:53:35.662429, 320, 240, 3.0410, 0.0000, -0.0059, -0.0021, 0.3628, -9.0515, -0.0294
2025-03-05 02:53:35.697692, 320, 240, 3.0640, -0.0021, -0.0075, 0.0005, 0.3628, -9.0712, -0.0294
2025-03-05 02:53:35.763957, 320, 240, 3.0640, -0.0037, -0.0069, 0.0059, 0.3432, -9.0515, -0.0294
2025-03-05 02:53:35.797393, 320, 240, 3.1210, -0.0005, -0.0107, 0.0069, 0.3432, -9.0515, -0.0098
2025-03-05 02:53:35.863209, 320, 240, 3.0570, 0.0000, -0.0080, 0.0037, 0.3432, -9.0712, -0.0098
2025-03-05 02:53:35.896136, 320, 240, 3.0570, -0.0011, -0.0085, 0.0027, 0.3628, -9.0515, -0.0294
2025-03-05 02:53:35.964473, 320, 240, 3.1710, -0.0005, -0.0059, 0.0037, 0.3628, -9.0515, -0.0098
2025-03-05 02:53:35.997542, 320, 240, 3.0880, -0.0005, -0.0096, 0.0032, 0.3628, -9.0712, -0.0294
2025-03-05 02:53:36.063436, 320, 240, 3.1210, 0.0016, -0.0096, 0.0005, 0.3432, -9.0515, -0.0294
2025-03-05 02:53:36.096969, 320, 240, 3.0410, 0.0000, -0.0080, 0.0053, 0.3432, -9.0515, -0.0294
2025-03-05 02:53:36.164029, 320, 240, 3.1130, -0.0021, -0.0117, 0.0011, 0.3432, -9.0515, -0.0294
2025-03-05 02:53:36.197647, 320, 240, 3.1790, -0.0037, -0.0091, -0.0005, 0.3432, -9.0515, -0.0294
2025-03-05 02:53:36.264212, 320, 240, 3.1040, 0.0021, -0.0064, 0.0021, 0.3432, -9.0712, -0.0294
2025-03-05 02:53:36.297648, 320, 240, 3.0640, -0.0027, -0.0048, 0.0016, 0.3432, -9.0515, -0.0294
2025-03-05 02:53:36.364135, 320, 240, 3.0640, -0.0037, -0.0080, 0.0037, 0.3432, -9.0515, -0.0294
2025-03-05 02:53:36.397575, 320, 240, 3.0880, 0.0011, -0.0059, 0.0016, 0.3628, -9.0515, -0.0294
2025-03-05 02:53:36.464447, 320, 240, 3.0410, -0.0021, -0.0075, -0.0011, 0.3432, -9.0712, -0.0294
2025-03-05 02:53:36.497590, 320, 240, 3.0250, 0.0027, -0.0069, 0.0037, 0.3628, -9.0515, -0.0294
2025-03-05 02:53:36.564867, 320, 240, 3.1210, -0.0048, -0.0107, 0.0027, 0.3432, -9.0712, -0.0294
2025-03-05 02:53:36.597686, 320, 240, 3.1620, -0.0021, -0.0075, 0.0021, 0.3432, -9.0515, -0.0098
2025-03-05 02:53:36.663028, 320, 240, 3.1210, 0.0016, -0.0085, 0.0048, 0.3432, -9.0515, -0.0294
2025-03-05 02:53:36.697724, 320, 240, 3.1370, -0.0005, -0.0080, 0.0059, 0.3432, -9.0712, -0.0294
2025-03-05 02:53:36.764497, 320, 240, 3.1040, -0.0011, -0.0053, 0.0011, 0.3628, -9.0712, -0.0294
2025-03-05 02:53:36.797930, 320, 240, 3.0640, 0.0005, -0.0048, 0.0011, 0.3432, -9.0319, -0.0098
2025-03-05 02:53:36.864306, 320, 240, 3.1450, -0.0005, -0.0069, 0.0053, 0.3432, -9.0515, -0.0098
2025-03-05 02:53:36.897841, 320, 240, 3.0800, -0.0011, -0.0064, 0.0005, 0.3628, -9.0515, 0.0000
2025-03-05 02:53:36.964528, 320, 240, 3.1450, -0.0043, -0.0107, -0.0011, 0.3628, -9.0712, -0.0294
2025-03-05 02:53:37.129841, 320, 240, 3.0880, -0.0011, -0.0016, 0.0027, 0.3432, -9.0515, -0.0294
2025-03-05 02:53:37.163135, 320, 240, 3.0410, 0.0005, -0.0059, 0.0048, 0.3432, -9.0515, -0.0294
2025-03-05 02:53:37.231699, 320, 240, 3.1370, 0.0011, -0.0075, 0.0037, 0.3432, -9.0712, 0.0000
2025-03-05 02:53:37.265031, 320, 240, 3.1040, 0.0000, -0.0032, -0.0016, 0.3432, -9.0515, -0.0294
2025-03-05 02:53:37.331418, 320, 240, 3.0880, -0.0037, -0.0069, -0.0005, 0.3628, -9.0712, -0.0294
2025-03-05 02:53:37.364912, 320, 240, 3.1210, -0.0037, -0.0091, 0.0043, 0.3432, -9.0515, -0.0098
2025-03-05 02:53:37.397918, 320, 240, 3.1130, 0.0000, -0.0096, 0.0027, 0.3432, -9.0515, -0.0098
2025-03-05 02:53:37.431506, 320, 240, 3.0330, 0.0011, -0.0085, 0.0016, 0.3432, -9.0712, -0.0098
2025-03-05 02:53:37.498082, 320, 240, 3.1040, 0.0000, -0.0064, 0.0027, 0.3628, -9.0515, -0.0294
2025-03-05 02:53:37.531606, 320, 240, 3.0250, -0.0005, -0.0064, 0.0064, 0.3628, -9.0712, -0.0098
2025-03-05 02:53:37.598063, 320, 240, 3.0800, -0.0032, -0.0037, 0.0000, 0.3432, -9.0515, -0.0294
2025-03-05 02:53:37.631579, 320, 240, 3.0570, -0.0053, -0.0053, 0.0043, 0.3628, -9.0319, -0.0294
2025-03-05 02:53:37.698300, 320, 240, 3.1370, -0.0037, -0.0059, -0.0016, 0.3628, -9.0515, -0.0294
2025-03-05 02:53:37.731633, 320, 240, 3.1040, 0.0037, -0.0085, -0.0027, 0.3628, -9.0515, -0.0294
2025-03-05 02:53:37.798185, 320, 240, 3.1370, 0.0016, -0.0053, 0.0043, 0.3628, -9.0515, -0.0098
2025-03-05 02:53:37.831617, 320, 240, 3.0880, -0.0021, -0.0107, -0.0005, 0.3628, -9.0515, -0.0294
2025-03-05 02:53:37.898290, 320, 240, 3.0800, -0.0005, -0.0085, -0.0005, 0.3432, -9.0712, -0.0294
2025-03-05 02:53:37.931582, 320, 240, 3.0330, -0.0027, -0.0059, 0.0021, 0.3432, -9.0515, -0.0294
2025-03-05 02:53:37.998372, 320, 240, 3.0880, 0.0016, -0.0091, 0.0069, 0.3628, -9.0712, -0.0294
2025-03-05 02:53:38.031683, 320, 240, 3.0800, 0.0005, -0.0059, 0.0059, 0.3432, -9.0515, -0.0294
2025-03-05 02:53:38.098658, 320, 240, 3.1370, 0.0005, -0.0085, 0.0059, 0.3628, -9.0712, -0.0294
2025-03-05 02:53:38.130212, 320, 240, 3.0640, 0.0027, -0.0043, 0.0016, 0.3432, -9.0712, -0.0098
2025-03-05 02:53:38.198275, 320, 240, 3.1040, 0.0037, -0.0016, -0.0011, 0.3628, -9.0515, -0.0294
2025-03-05 02:53:38.232007, 320, 240, 3.1040, -0.0021, -0.0043, 0.0016, 0.3432, -9.0515, -0.0294
2025-03-05 02:53:38.298475, 320, 240, 3.0570, 0.0011, -0.0059, -0.0005, 0.3432, -9.0515, -0.0294
2025-03-05 02:53:38.331821, 320, 240, 3.0570, -0.0011, -0.0112, 0.0000, 0.3628, -9.0515, -0.0490
2025-03-05 02:53:38.398581, 320, 240, 3.0880, 0.0011, -0.0064, 0.0016, 0.3628, -9.0515, -0.0098
2025-03-05 02:53:38.431974, 320, 240, 3.0410, 0.0005, -0.0096, 0.0064, 0.3432, -9.0712, -0.0098
2025-03-05 02:53:38.498687, 320, 240, 3.1450, -0.0005, -0.0037, 0.0016, 0.3628, -9.0515, -0.0098
2025-03-05 02:53:38.532159, 320, 240, 3.1710, 0.0000, -0.0075, 0.0005, 0.3432, -9.0515, -0.0294
2025-03-05 02:53:38.599102, 320, 240, 3.0570, -0.0011, -0.0037, 0.0043, 0.3628, -9.0515, -0.0294
2025-03-05 02:53:38.632485, 320, 240, 3.0640, 0.0005, -0.0101, 0.0048, 0.3432, -9.0515, -0.0490
2025-03-05 02:53:39.098601, 320, 240, 3.1210, -0.0027, -0.0059, 0.0005, 0.3628, -9.0515, -0.0294
2025-03-05 02:53:39.131219, 320, 240, 3.0880, 0.0005, -0.0059, -0.0016, 0.3628, -9.0515, -0.0098
2025-03-05 02:53:39.198066, 320, 240, 3.1370, 0.0000, -0.0096, 0.0037, 0.3432, -9.0515, -0.0098
2025-03-05 02:53:39.232117, 320, 240, 3.0800, 0.0000, -0.0064, 0.0037, 0.3628, -9.0515, -0.0294
2025-03-05 02:53:39.298578, 320, 240, 3.0330, -0.0053, -0.0075, 0.0027, 0.3432, -9.0515, -0.0294
2025-03-05 02:53:39.331551, 320, 240, 3.0330, 0.0027, -0.0064, 0.0005, 0.3628, -9.0319, -0.0294
2025-03-05 02:53:39.398605, 320, 240, 3.0640, 0.0005, -0.0075, -0.0016, 0.3628, -9.0515, -0.0098
2025-03-05 02:53:39.564916, 320, 240, 3.1450, 0.0027, -0.0043, 0.0048, 0.3628, -9.0515, -0.0294
2025-03-05 02:53:39.598665, 320, 240, 3.1040, -0.0005, -0.0080, 0.0053, 0.3432, -9.0515, -0.0294
2025-03-05 02:53:39.664631, 320, 240, 3.0570, -0.0005, -0.0085, 0.0043, 0.3432, -9.0515, -0.0294
2025-03-05 02:53:39.732314, 320, 240, 3.0800, -0.0011, -0.0053, 0.0027, 0.3432, -9.0515, -0.0098
2025-03-05 02:53:39.765059, 320, 240, 3.1450, -0.0059, -0.0085, 0.0005, 0.3628, -9.0712, -0.0294
2025-03-05 02:53:39.831680, 320, 240, 3.1210, 0.0027, -0.0053, 0.0048, 0.3432, -9.0515, -0.0294
2025-03-05 02:53:39.865134, 320, 240, 3.0800, 0.0037, -0.0027, 0.0011, 0.3432, -9.0515, -0.0098
2025-03-05 02:53:39.932901, 320, 240, 3.1620, 0.0016, -0.0037, 0.0043, 0.3432, -9.0515, -0.0294
2025-03-05 02:53:39.966347, 320, 240, 3.1040, -0.0016, -0.0091, -0.0011, 0.3432, -9.0712, -0.0294
2025-03-05 02:53:40.032708, 320, 240, 3.0800, -0.0053, -0.0096, 0.0048, 0.3432, -9.0515, -0.0294
2025-03-05 02:53:40.066126, 320, 240, 3.0640, -0.0011, -0.0064, 0.0005, 0.3432, -9.0515, -0.0098
2025-03-05 02:53:40.131468, 320, 240, 3.1710, -0.0032, -0.0032, 0.0021, 0.3432, -9.0515, -0.0294
2025-03-05 02:53:40.166072, 320, 240, 3.0330, 0.0005, -0.0085, 0.0000, 0.3432, -9.0515, -0.0294
2025-03-05 02:53:40.232699, 320, 240, 3.1370, 0.0016, -0.0032, 0.0037, 0.3432, -9.0515, -0.0098
2025-03-05 02:53:40.266329, 320, 240, 3.0640, -0.0005, -0.0043, -0.0005, 0.3432, -9.0515, -0.0294
2025-03-05 02:53:40.332827, 320, 240, 3.1370, 0.0000, -0.0080, 0.0021, 0.3432, -9.0515, -0.0098
2025-03-05 02:53:40.366359, 320, 240, 3.1130, -0.0032, -0.0048, 0.0032, 0.3432, -9.0712, -0.0294
2025-03-05 02:53:40.433086, 320, 240, 3.0640, 0.0011, -0.0032, 0.0043, 0.3432, -9.0515, -0.0098
2025-03-05 02:53:40.466173, 320, 240, 3.0800, 0.0027, -0.0080, 0.0027, 0.3432, -9.0712, -0.0490
2025-03-05 02:53:40.532988, 320, 240, 3.0800, 0.0000, -0.0080, 0.0021, 0.3628, -9.0712, -0.0098
2025-03-05 02:53:40.566333, 320, 240, 3.1210, 0.0000, -0.0112, 0.0037, 0.3432, -9.0712, -0.0294
2025-03-05 02:53:40.633035, 320, 240, 3.1210, 0.0005, -0.0069, 0.0043, 0.3432, -9.0515, -0.0294
2025-03-05 02:53:40.664970, 320, 240, 3.0570, -0.0027, -0.0080, -0.0005, 0.3628, -9.0712, -0.0294
2025-03-05 02:53:40.733112, 320, 240, 2.9950, -0.0016, -0.0123, -0.0016, 0.3432, -9.0515, -0.0294
2025-03-05 02:53:40.766464, 320, 240, 3.1040, 0.0005, -0.0091, 0.0048, 0.3432, -9.0515, -0.0294
2025-03-05 02:53:40.833059, 320, 240, 3.0640, -0.0016, -0.0064, 0.0016, 0.3432, -9.0712, -0.0490
2025-03-05 02:53:40.865672, 320, 240, 3.1710, 0.0000, -0.0053, 0.0032, 0.3628, -9.0515, -0.0294
2025-03-05 02:53:40.999531, 320, 240, 3.1130, 0.0005, -0.0085, 0.0021, 0.3628, -9.0515, -0.0294
2025-03-05 02:53:41.033362, 320, 240, 3.0410, 0.0027, -0.0085, 0.0048, 0.3432, -9.0515, -0.0294
2025-03-05 02:53:41.099364, 320, 240, 3.1880, 0.0011, -0.0101, 0.0000, 0.3432, -9.0515, -0.0098
2025-03-05 02:53:41.131817, 320, 240, 3.0570, -0.0005, -0.0096, 0.0032, 0.3628, -9.0515, -0.0490
2025-03-05 02:53:41.199734, 320, 240, 3.1040, -0.0021, -0.0059, 0.0027, 0.3432, -9.0515, -0.0294
2025-03-05 02:53:41.232216, 320, 240, 3.0570, -0.0037, -0.0085, -0.0005, 0.3432, -9.0515, -0.0294
2025-03-05 02:53:41.300249, 320, 240, 3.0570, -0.0021, -0.0075, 0.0005, 0.3628, -9.0515, -0.0294
2025-03-05 02:53:41.332255, 320, 240, 3.0410, 0.0016, -0.0085, 0.0016, 0.3432, -9.0515, -0.0098
2025-03-05 02:53:41.366151, 320, 240, 3.0330, 0.0021, -0.0059, 0.0027, 0.3628, -9.0515, -0.0294
2025-03-05 02:53:41.400267, 320, 240, 3.1790, 0.0016, -0.0064, 0.0021, 0.3432, -9.0712, -0.0294
2025-03-05 02:53:41.433688, 320, 240, 3.0250, -0.0021, -0.0075, -0.0021, 0.3628, -9.0515, -0.0098
2025-03-05 02:53:41.500209, 320, 240, 3.0640, 0.0011, -0.0080, 0.0037, 0.3432, -9.0515, -0.0294
2025-03-05 02:53:41.533722, 320, 240, 3.1450, 0.0021, -0.0037, 0.0005, 0.3432, -9.0712, -0.0294
2025-03-05 02:53:41.600277, 320, 240, 3.0880, 0.0005, -0.0053, 0.0016, 0.3432, -9.0515, -0.0294
2025-03-05 02:53:41.633938, 320, 240, 3.1880, -0.0005, -0.0027, -0.0011, 0.3628, -9.0712, -0.0294
2025-03-05 02:53:41.700405, 320, 240, 3.1620, 0.0005, -0.0059, -0.0027, 0.3432, -9.0712, -0.0294
2025-03-05 02:53:41.733674, 320, 240, 3.1710, 0.0000, -0.0080, 0.0021, 0.3628, -9.0712, -0.0098
2025-03-05 02:53:41.800401, 320, 240, 3.0800, -0.0016, -0.0043, 0.0011, 0.3432, -9.0515, -0.0294
2025-03-05 02:53:41.833454, 320, 240, 3.0570, 0.0005, -0.0037, 0.0005, 0.3628, -9.0515, -0.0294
2025-03-05 02:53:41.866963, 320, 240, 3.0570, -0.0043, -0.0107, 0.0011, 0.3432, -9.0712, -0.0098
2025-03-05 02:53:41.933432, 320, 240, 3.0640, 0.0005, -0.0096, 0.0005, 0.3432, -9.0515, -0.0294
2025-03-05 02:53:41.967218, 320, 240, 3.0410, 0.0011, -0.0037, 0.0021, 0.3432, -9.0515, -0.0294
2025-03-05 02:53:42.034200, 320, 240, 3.1620, 0.0016, -0.0117, 0.0011, 0.3432, -9.0515, -0.0098
2025-03-05 02:53:42.067090, 320, 240, 3.0800, -0.0005, -0.0085, 0.0027, 0.3432, -9.0515, -0.0294
2025-03-05 02:53:42.132594, 320, 240, 3.1210, 0.0016, -0.0064, -0.0016, 0.3432, -9.0515, -0.0294
2025-03-05 02:53:42.167159, 320, 240, 3.0800, -0.0021, -0.0096, -0.0011, 0.3432, -9.0712, -0.0294
2025-03-05 02:53:42.233788, 320, 240, 3.0640, 0.0027, -0.0101, 0.0011, 0.3628, -9.0712, -0.0294
2025-03-05 02:53:42.267409, 320, 240, 3.0640, 0.0016, -0.0043, -0.0016, 0.3432, -9.0515, -0.0294
2025-03-05 02:53:42.300239, 320, 240, 3.0880, 0.0005, -0.0059, 0.0021, 0.3432, -9.0515, -0.0294
2025-03-05 02:53:42.334105, 320, 240, 3.1130, 0.0011, -0.0112, 0.0000, 0.3432, -9.0515, -0.0098
2025-03-05 02:53:42.467458, 320, 240, 3.1620, 0.0000, -0.0096, 0.0037, 0.3432, -9.0515, -0.0294
2025-03-05 02:53:42.500925, 320, 240, 3.1620, 0.0000, -0.0075, 0.0037, 0.3628, -9.0712, -0.0294
2025-03-05 02:53:42.567637, 320, 240, 3.0880, -0.0021, -0.0075, 0.0059, 0.3432, -9.0712, -0.0294
2025-03-05 02:53:42.600848, 320, 240, 3.1040, 0.0011, -0.0059, 0.0021, 0.3432, -9.0712, -0.0490
2025-03-05 02:53:42.666110, 320, 240, 3.0330, 0.0000, -0.0107, 0.0053, 0.3432, -9.0515, -0.0098
2025-03-05 02:53:42.701056, 320, 240, 3.0800, -0.0005, -0.0080, 0.0032, 0.3432, -9.0515, -0.0098
2025-03-05 02:53:42.767737, 320, 240, 3.0880, 0.0016, -0.0043, 0.0005, 0.3432, -9.0515, -0.0098
2025-03-05 02:53:42.801408, 320, 240, 3.0880, 0.0000, -0.0016, 0.0032, 0.3628, -9.0712, -0.0294
2025-03-05 02:53:42.867815, 320, 240, 3.0570, -0.0021, -0.0059, 0.0043, 0.3432, -9.0515, -0.0098
2025-03-05 02:53:42.900834, 320, 240, 3.0570, 0.0005, -0.0128, 0.0027, 0.3628, -9.0712, -0.0294
2025-03-05 02:53:42.968501, 320, 240, 3.1450, -0.0005, -0.0069, 0.0011, 0.3825, -9.0712, -0.0098
2025-03-05 02:53:43.001471, 320, 240, 3.1210, -0.0011, -0.0080, 0.0021, 0.3628, -9.0515, -0.0294
2025-03-05 02:53:43.067916, 320, 240, 3.0640, 0.0000, -0.0053, 0.0021, 0.3628, -9.0515, -0.0098
2025-03-05 02:53:43.100456, 320, 240, 3.0030, 0.0027, -0.0075, 0.0021, 0.3432, -9.0712, -0.0294
2025-03-05 02:53:43.167990, 320, 240, 3.0410, 0.0037, -0.0048, 0.0016, 0.3628, -9.0515, -0.0098
2025-03-05 02:53:43.201253, 320, 240, 3.1880, 0.0005, -0.0064, 0.0027, 0.3628, -9.0515, -0.0294
2025-03-05 02:53:43.368073, 320, 240, 3.0640, 0.0005, -0.0080, 0.0043, 0.3432, -9.0515, -0.0098
2025-03-05 02:53:43.434545, 320, 240, 3.0330, 0.0005, -0.0085, 0.0005, 0.3432, -9.0515, -0.0294
2025-03-05 02:53:43.468181, 320, 240, 3.1040, 0.0000, -0.0059, 0.0059, 0.3432, -9.0515, -0.0294
2025-03-05 02:53:43.534641, 320, 240, 3.0250, 0.0016, -0.0085, 0.0048, 0.3432, -9.0515, -0.0294
2025-03-05 02:53:43.567984, 320, 240, 3.0410, -0.0037, -0.0091, 0.0032, 0.3628, -9.0515, -0.0294
2025-03-05 02:53:43.634694, 320, 240, 3.0880, -0.0005, -0.0048, 0.0027, 0.3628, -9.0515, -0.0294
2025-03-05 02:53:43.666559, 320, 240, 3.1130, 0.0016, -0.0048, -0.0011, 0.3236, -9.0515, -0.0098
2025-03-05 02:53:43.734783, 320, 240, 3.1880, -0.0011, -0.0027, 0.0032, 0.3432, -9.0712, -0.0490
2025-03-05 02:53:43.768262, 320, 240, 3.1370, -0.0037, -0.0096, 0.0021, 0.3628, -9.0712, -0.0294
2025-03-05 02:53:43.834945, 320, 240, 3.0640, 0.0005, -0.0075, 0.0005, 0.3628, -9.0515, -0.0490
2025-03-05 02:53:43.868181, 320, 240, 3.0250, -0.0011, -0.0085, 0.0032, 0.3628, -9.0712, -0.0294
2025-03-05 02:53:43.934431, 320, 240, 3.1210, 0.0021, -0.0075, 0.0021, 0.3628, -9.0515, -0.0294
2025-03-05 02:53:43.968226, 320, 240, 3.0570, -0.0021, -0.0075, 0.0027, 0.3628, -9.0515, -0.0294
2025-03-05 02:53:44.035081, 320, 240, 3.0570, 0.0037, -0.0096, 0.0011, 0.3628, -9.0515, -0.0098
2025-03-05 02:53:44.068231, 320, 240, 3.1450, 0.0011, -0.0080, 0.0011, 0.3628, -9.0712, -0.0490
2025-03-05 02:53:44.133554, 320, 240, 3.1450, 0.0016, -0.0064, 0.0037, 0.3628, -9.0712, -0.0294
2025-03-05 02:53:44.167549, 320, 240, 3.0410, 0.0011, -0.0043, -0.0027, 0.3628, -9.0712, -0.0098
2025-03-05 02:53:44.234781, 320, 240, 3.1210, -0.0021, -0.0069, 0.0016, 0.3432, -9.0515, -0.0294
2025-03-05 02:53:44.268415, 320, 240, 3.2050, 0.0021, -0.0080, 0.0048, 0.3432, -9.0515, -0.0294
2025-03-05 02:53:44.334834, 320, 240, 3.1130, -0.0011, -0.0085, 0.0011, 0.3432, -9.0515, -0.0098
2025-03-05 02:53:44.368514, 320, 240, 3.1040, -0.0027, -0.0059, -0.0005, 0.3432, -9.0515, -0.0294
2025-03-05 02:53:44.434923, 320, 240, 3.0800, 0.0032, -0.0075, 0.0027, 0.3432, -9.0515, -0.0294
2025-03-05 02:53:44.468285, 320, 240, 3.0250, -0.0016, -0.0080, 0.0016, 0.3432, -9.0712, -0.0098
2025-03-05 02:53:44.535168, 320, 240, 3.1210, -0.0027, -0.0080, 0.0069, 0.3628, -9.0515, -0.0294
2025-03-05 02:53:44.568482, 320, 240, 3.0330, -0.0032, -0.0037, 0.0005, 0.3628, -9.0515, -0.0294
2025-03-05 02:53:44.635765, 320, 240, 3.1620, -0.0021, -0.0096, 0.0032, 0.3432, -9.0712, -0.0098
2025-03-05 02:53:44.734616, 320, 240, 3.1040, 0.0037, -0.0096, 0.0053, 0.3628, -9.0515, -0.0098
2025-03-05 02:53:44.769124, 320, 240, 3.1370, -0.0016, -0.0112, 0.0043, 0.3628, -9.0712, -0.0294
2025-03-05 02:53:44.835428, 320, 240, 3.0640, -0.0027, -0.0096, 0.0011, 0.3432, -9.0712, -0.0294
2025-03-05 02:53:44.868682, 320, 240, 3.1450, 0.0011, -0.0069, 0.0000, 0.3432, -9.0515, -0.0294
2025-03-05 02:53:44.934971, 320, 240, 3.0640, -0.0021, -0.0080, 0.0037, 0.3432, -9.0712, -0.0294
2025-03-05 02:53:45.001479, 320, 240, 3.1040, 0.0005, -0.0075, 0.0032, 0.3628, -9.0515, -0.0490
2025-03-05 02:53:45.035661, 320, 240, 3.1960, 0.0011, -0.0085, 0.0021, 0.3628, -9.0515, -0.0294
2025-03-05 02:53:45.102093, 320, 240, 3.0330, 0.0000, -0.0080, 0.0069, 0.3628, -9.0712, -0.0294
2025-03-05 02:53:45.134090, 320, 240, 3.0880, -0.0027, -0.0069, 0.0021, 0.3628, -9.0515, -0.0294
2025-03-05 02:53:45.202162, 320, 240, 3.2220, 0.0005, -0.0037, -0.0011, 0.3432, -9.0712, -0.0294
2025-03-05 02:53:45.236141, 320, 240, 3.0880, -0.0016, -0.0059, 0.0011, 0.3628, -9.0515, -0.0294
2025-03-05 02:53:45.301263, 320, 240, 3.0640, -0.0005, -0.0085, 0.0011, 0.3628, -9.0712, -0.0294
2025-03-05 02:53:45.335692, 320, 240, 3.1620, -0.0032, -0.0048, 0.0037, 0.3432, -9.0515, -0.0490
2025-03-05 02:53:45.402364, 320, 240, 3.1370, -0.0016, -0.0080, 0.0043, 0.3432, -9.0712, -0.0294
2025-03-05 02:53:45.435883, 320, 240, 3.1130, 0.0016, -0.0080, 0.0053, 0.3432, -9.0712, -0.0098
2025-03-05 02:53:45.502350, 320, 240, 3.0570, -0.0011, -0.0101, 0.0027, 0.3628, -9.0712, -0.0294
2025-03-05 02:53:45.535973, 320, 240, 3.1620, 0.0005, -0.0112, 0.0005, 0.3432, -9.0515, -0.0294
2025-03-05 02:53:45.602418, 320, 240, 3.0880, -0.0005, -0.0091, 0.0032, 0.3628, -9.0515, -0.0294
2025-03-05 02:53:45.635960, 320, 240, 3.0800, -0.0011, -0.0107, 0.0043, 0.3432, -9.0515, -0.0098
2025-03-05 02:53:45.702950, 320, 240, 3.1040, -0.0011, -0.0075, 0.0064, 0.3432, -9.0515, -0.0098
2025-03-05 02:53:45.736045, 320, 240, 3.0570, -0.0016, -0.0064, 0.0053, 0.3432, -9.0712, -0.0098
2025-03-05 02:53:45.801755, 320, 240, 3.0180, 0.0032, -0.0059, 0.0059, 0.3628, -9.0712, -0.0294
2025-03-05 02:53:45.834372, 320, 240, 3.1130, 0.0037, -0.0080, 0.0053, 0.3432, -9.0515, -0.0294
2025-03-05 02:53:46.736089, 320, 240, 3.0330, 0.0000, -0.0117, 0.0016, 0.3628, -9.0515, -0.0294
2025-03-05 02:53:46.768410, 320, 240, 3.0880, -0.0032, -0.0059, 0.0027, 0.3628, -9.0712, -0.0294
2025-03-05 02:53:46.836039, 320, 240, 3.1210, -0.0011, -0.0027, -0.0027, 0.3432, -9.0712, -0.0294
2025-03-05 02:53:46.869871, 320, 240, 3.1210, -0.0021, -0.0091, 0.0037, 0.3432, -9.0515, -0.0098
2025-03-05 02:53:46.935150, 320, 240, 3.1210, 0.0000, -0.0064, -0.0005, 0.3432, -9.0515, -0.0294
2025-03-05 02:53:46.968502, 320, 240, 3.0570, -0.0027, -0.0117, 0.0011, 0.3432, -9.0712, -0.0294
2025-03-05 02:53:47.035666, 320, 240, 3.0800, -0.0021, -0.0085, 0.0064, 0.3432, -9.0515, -0.0098
2025-03-05 02:53:47.202977, 320, 240, 3.1370, -0.0011, -0.0112, 0.0043, 0.3432, -9.0515, -0.0294
2025-03-05 02:53:47.236053, 320, 240, 3.1210, -0.0016, -0.0069, 0.0016, 0.3432, -9.0515, -0.0098
2025-03-05 02:53:49.104218, 320, 240, 3.1620, -0.0032, -0.0101, 0.0021, 0.3432, -9.0712, -0.0294
2025-03-05 02:53:49.136174, 320, 240, 3.0800, 0.0021, -0.0037, 0.0043, 0.3628, -9.0515, -0.0294
2025-03-05 02:53:49.205062, 320, 240, 3.0410, -0.0016, -0.0096, 0.0037, 0.3432, -9.0712, -0.0098
2025-03-05 02:53:49.238004, 320, 240, 3.0800, 0.0032, -0.0096, -0.0005, 0.3432, -9.0515, -0.0294
2025-03-05 02:53:49.304575, 320, 240, 3.1040, 0.0037, -0.0043, 0.0027, 0.3432, -9.0712, -0.0098
2025-03-05 02:53:49.337045, 320, 240, 3.1130, -0.0027, -0.0053, 0.0027, 0.3628, -9.0712, -0.0294
2025-03-05 02:53:49.404649, 320, 240, 3.0800, -0.0011, -0.0080, 0.0005, 0.3432, -9.0515, -0.0294
2025-03-05 02:53:49.437895, 320, 240, 3.1450, 0.0011, -0.0069, -0.0021, 0.3432, -9.0515, -0.0294
2025-03-05 02:53:49.504561, 320, 240, 3.0640, 0.0011, -0.0053, 0.0016, 0.3628, -9.0515, -0.0294
2025-03-05 02:53:49.538126, 320, 240, 3.0410, -0.0016, -0.0080, 0.0053, 0.3432, -9.0712, -0.0098
2025-03-05 02:53:49.604744, 320, 240, 3.1210, 0.0000, -0.0053, 0.0016, 0.3432, -9.0515, -0.0294
2025-03-05 02:53:49.638030, 320, 240, 3.1370, -0.0005, -0.0107, 0.0021, 0.3628, -9.0515, -0.0294
2025-03-05 02:53:49.704652, 320, 240, 3.1370, 0.0037, -0.0048, 0.0037, 0.3628, -9.0712, -0.0294
2025-03-05 02:53:49.737858, 320, 240, 3.0330, -0.0005, -0.0064, 0.0005, 0.3432, -9.0515, -0.0294
2025-03-05 02:53:49.804659, 320, 240, 3.1620, 0.0027, -0.0069, 0.0027, 0.3432, -9.0515, 0.0000
2025-03-05 02:53:49.838170, 320, 240, 3.1040, -0.0021, -0.0080, 0.0037, 0.3628, -9.0515, -0.0294
2025-03-05 02:53:49.905063, 320, 240, 3.1790, 0.0005, -0.0037, 0.0021, 0.3432, -9.0712, -0.0294
2025-03-05 02:53:49.938716, 320, 240, 3.0570, -0.0043, -0.0101, 0.0043, 0.3432, -9.0515, -0.0294
2025-03-05 02:53:50.005429, 320, 240, 3.1210, -0.0021, -0.0101, 0.0048, 0.3628, -9.0515, -0.0294
2025-03-05 02:53:50.071192, 320, 240, 3.1450, 0.0000, -0.0085, 0.0016, 0.3628, -9.0515, -0.0098
2025-03-05 02:53:50.104873, 320, 240, 3.0880, -0.0005, -0.0048, 0.0011, 0.3628, -9.0712, -0.0294
2025-03-05 02:53:50.172159, 320, 240, 3.0800, 0.0011, -0.0069, 0.0037, 0.3628, -9.0908, -0.0294
2025-03-05 02:53:50.271699, 320, 240, 3.1210, -0.0027, -0.0085, 0.0037, 0.3628, -9.0712, -0.0294
2025-03-05 02:53:50.304965, 320, 240, 3.1710, -0.0016, -0.0075, 0.0027, 0.3432, -9.0515, -0.0294
2025-03-05 02:53:50.372317, 320, 240, 3.1450, 0.0011, -0.0032, 0.0032, 0.3432, -9.0515, -0.0294
2025-03-05 02:53:50.405549, 320, 240, 3.1130, -0.0021, -0.0091, 0.0011, 0.3432, -9.0515, -0.0098
2025-03-05 02:53:50.472201, 320, 240, 3.1210, 0.0000, -0.0085, 0.0069, 0.3628, -9.0515, -0.0098
2025-03-05 02:53:50.504999, 320, 240, 3.0330, 0.0000, -0.0048, 0.0011, 0.3432, -9.0515, -0.0098
2025-03-05 02:53:50.571845, 320, 240, 3.1210, 0.0011, -0.0053, -0.0005, 0.3432, -9.0515, -0.0490
2025-03-05 02:53:50.604945, 320, 240, 3.1370, 0.0021, -0.0053, 0.0027, 0.3432, -9.0515, -0.0098
2025-03-05 02:53:50.671736, 320, 240, 3.0330, -0.0016, -0.0085, 0.0064, 0.3432, -9.0712, -0.0294
2025-03-05 02:53:50.705363, 320, 240, 3.0800, 0.0016, -0.0091, 0.0016, 0.3432, -9.0712, -0.0294
2025-03-05 02:53:50.772056, 320, 240, 3.1450, -0.0005, -0.0117, 0.0053, 0.3432, -9.0712, -0.0294
2025-03-05 02:53:51.172025, 320, 240, 3.1040, -0.0005, -0.0053, 0.0032, 0.3432, -9.0515, -0.0294
2025-03-05 02:53:51.272163, 320, 240, 3.0800, 0.0027, -0.0043, 0.0043, 0.3628, -9.0712, -0.0294
2025-03-05 02:53:51.306116, 320, 240, 3.0880, -0.0037, -0.0107, 0.0032, 0.3432, -9.0515, -0.0294
2025-03-05 02:53:51.371676, 320, 240, 3.0570, -0.0011, -0.0043, 0.0043, 0.3432, -9.0515, -0.0294
2025-03-05 02:53:51.405813, 320, 240, 3.0410, -0.0037, -0.0096, 0.0011, 0.3628, -9.0712, -0.0294
2025-03-05 02:53:51.472654, 320, 240, 3.0570, 0.0005, -0.0096, 0.0027, 0.3628, -9.0712, -0.0294
2025-03-05 02:53:51.505674, 320, 240, 3.0570, -0.0016, -0.0101, -0.0016, 0.3432, -9.0712, -0.0294
2025-03-05 02:53:51.572499, 320, 240, 3.0880, 0.0011, -0.0091, 0.0021, 0.3432, -9.0515, -0.0294
2025-03-05 02:53:51.606031, 320, 240, 3.1370, -0.0005, -0.0043, 0.0032, 0.3628, -9.0515, -0.0098
2025-03-05 02:53:51.672827, 320, 240, 3.1880, 0.0000, -0.0053, 0.0011, 0.3432, -9.0712, -0.0098
2025-03-05 02:53:51.706214, 320, 240, 3.1880, -0.0021, -0.0064, 0.0005, 0.3628, -9.0515, -0.0098
2025-03-05 02:53:51.772955, 320, 240, 3.1130, -0.0064, -0.0085, 0.0037, 0.3432, -9.0515, -0.0294
2025-03-05 02:53:51.805999, 320, 240, 3.1620, 0.0037, -0.0059, 0.0000, 0.3628, -9.0515, -0.0294
2025-03-05 02:53:51.872416, 320, 240, 3.0250, -0.0005, -0.0085, 0.0032, 0.3432, -9.0515, -0.0294
2025-03-05 02:53:51.905699, 320, 240, 3.0640, 0.0011, -0.0064, 0.0048, 0.3432, -9.0515, -0.0294
2025-03-05 02:53:51.971975, 320, 240, 3.0800, -0.0021, -0.0101, 0.0043, 0.3628, -9.0712, -0.0294
2025-03-05 02:53:52.072948, 320, 240, 3.1210, 0.0016, -0.0064, 0.0005, 0.3628, -9.0515, -0.0294
2025-03-05 02:53:52.106214, 320, 240, 3.1370, -0.0011, -0.0101, 0.0048, 0.3628, -9.0712, -0.0294
2025-03-05 02:53:52.173688, 320, 240, 3.0640, -0.0032, -0.0048, 0.0011, 0.3628, -9.0515, -0.0294
2025-03-05 02:53:52.206418, 320, 240, 3.0180, -0.0027, -0.0112, 0.0043, 0.3432, -9.0712, -0.0098
2025-03-05 02:53:52.273129, 320, 240, 3.1040, -0.0016, -0.0069, 0.0043, 0.3432, -9.0712, -0.0294
2025-03-05 02:53:52.306314, 320, 240, 3.1710, 0.0021, -0.0059, 0.0016, 0.3432, -9.0712, -0.0294
2025-03-05 02:53:52.372925, 320, 240, 3.1710, -0.0005, -0.0075, 0.0043, 0.3432, -9.0515, -0.0098
2025-03-05 02:53:52.406323, 320, 240, 3.0410, -0.0016, -0.0107, 0.0037, 0.3432, -9.0712, -0.0294
2025-03-05 02:53:52.472737, 320, 240, 3.0570, -0.0032, -0.0064, 0.0032, 0.3432, -9.0515, -0.0098
2025-03-05 02:53:52.506338, 320, 240, 3.1790, 0.0032, -0.0032, 0.0021, 0.3628, -9.0712, -0.0098
2025-03-05 02:53:52.572837, 320, 240, 2.9720, -0.0016, -0.0080, 0.0016, 0.3432, -9.0712, -0.0294
2025-03-05 02:53:52.606413, 320, 240, 3.0800, 0.0000, -0.0064, 0.0064, 0.3628, -9.0319, -0.0490
2025-03-05 02:53:52.673005, 320, 240, 3.1710, -0.0005, -0.0096, 0.0032, 0.3628, -9.0515, -0.0294
2025-03-05 02:53:52.706492, 320, 240, 3.1370, -0.0011, -0.0123, 0.0021, 0.3628, -9.0712, -0.0098
2025-03-05 02:53:52.773439, 320, 240, 3.0030, 0.0005, -0.0064, 0.0005, 0.3432, -9.0515, -0.0490
2025-03-05 02:53:52.839396, 320, 240, 3.0030, -0.0048, -0.0053, 0.0027, 0.3432, -9.0712, -0.0294
2025-03-05 02:53:52.873495, 320, 240, 3.1790, -0.0011, -0.0080, 0.0016, 0.3432, -9.0712, -0.0490
2025-03-05 02:53:52.939667, 320, 240, 3.1040, 0.0005, -0.0069, 0.0037, 0.3628, -9.0712, -0.0098
2025-03-05 02:53:52.973657, 320, 240, 3.0640, -0.0011, -0.0096, 0.0048, 0.3432, -9.0515, -0.0098
2025-03-05 02:53:53.039854, 320, 240, 3.1130, -0.0011, -0.0112, 0.0075, 0.3432, -9.0515, -0.0294
2025-03-05 02:53:53.073484, 320, 240, 3.1040, 0.0005, -0.0069, 0.0011, 0.3432, -9.0515, -0.0098
2025-03-05 02:53:53.138365, 320, 240, 3.1450, -0.0005, -0.0059, 0.0016, 0.3628, -9.0712, -0.0098
2025-03-05 02:53:53.173370, 320, 240, 3.0640, -0.0016, -0.0096, 0.0000, 0.3628, -9.0515, -0.0098
2025-03-05 02:53:53.239776, 320, 240, 3.0640, -0.0032, -0.0085, 0.0021, 0.3432, -9.0515, -0.0294
2025-03-05 02:53:53.273225, 320, 240, 3.1210, 0.0016, -0.0085, 0.0000, 0.3432, -9.0515, -0.0098
2025-03-05 02:53:53.339803, 320, 240, 3.0410, 0.0043, -0.0053, 0.0011, 0.3432, -9.0712, -0.0294
2025-03-05 02:53:53.373457, 320, 240, 3.0880, 0.0011, -0.0037, 0.0021, 0.3432, -9.0515, -0.0098
2025-03-05 02:53:53.439061, 320, 240, 3.0410, 0.0011, -0.0096, 0.0043, 0.3628, -9.0515, -0.0294
2025-03-05 02:53:53.473279, 320, 240, 3.0800, 0.0005, -0.0096, 0.0016, 0.3432, -9.0515, -0.0294
2025-03-05 02:53:53.540110, 320, 240, 3.0330, 0.0027, -0.0085, 0.0037, 0.3628, -9.0712, -0.0294
2025-03-05 02:53:53.573547, 320, 240, 3.0880, -0.0011, -0.0117, 0.0011, 0.3628, -9.0515, -0.0294
2025-03-05 02:53:53.640195, 320, 240, 3.1710, -0.0016, -0.0091, 0.0048, 0.3628, -9.0712, -0.0098
2025-03-05 02:53:53.673622, 320, 240, 3.0880, -0.0027, -0.0117, 0.0032, 0.3628, -9.0515, -0.0294
2025-03-05 02:53:53.740830, 320, 240, 3.1210, -0.0016, -0.0069, 0.0075, 0.3432, -9.0515, -0.0098
2025-03-05 02:53:53.773657, 320, 240, 3.0800, 0.0011, -0.0107, 0.0021, 0.3432, -9.0515, -0.0490
2025-03-05 02:53:53.840136, 320, 240, 2.9870, 0.0011, -0.0112, 0.0043, 0.3432, -9.0515, -0.0098
2025-03-05 02:53:53.873702, 320, 240, 3.1370, -0.0005, -0.0064, 0.0037, 0.3432, -9.0515, -0.0294
2025-03-05 02:53:53.940136, 320, 240, 3.1130, 0.0011, -0.0059, 0.0016, 0.3432, -9.0515, -0.0294
2025-03-05 02:53:53.973892, 320, 240, 3.1210, -0.0027, -0.0069, 0.0053, 0.3432, -9.0515, -0.0294
2025-03-05 02:53:54.040201, 320, 240, 3.1130, -0.0005, -0.0091, 0.0027, 0.3432, -9.0712, -0.0098
2025-03-05 02:53:54.073867, 320, 240, 3.1130, -0.0016, -0.0075, 0.0043, 0.3432, -9.0515, -0.0294
2025-03-05 02:53:54.138890, 320, 240, 3.0330, -0.0027, -0.0069, 0.0032, 0.3432, -9.0712, -0.0294
2025-03-05 02:53:54.173938, 320, 240, 3.1370, -0.0011, -0.0037, 0.0016, 0.3628, -9.0515, -0.0098
2025-03-05 02:53:54.240591, 320, 240, 3.0880, 0.0016, -0.0112, 0.0021, 0.3432, -9.0515, -0.0294
2025-03-05 02:53:54.274163, 320, 240, 3.0880, 0.0005, -0.0069, 0.0021, 0.3628, -9.0515, -0.0098
2025-03-05 02:53:54.340426, 320, 240, 3.0800, -0.0005, -0.0059, 0.0069, 0.3628, -9.0515, -0.0098
2025-03-05 02:53:54.373737, 320, 240, 3.0640, -0.0011, -0.0048, 0.0021, 0.3628, -9.0515, -0.0490
2025-03-05 02:53:54.440572, 320, 240, 3.1370, 0.0016, -0.0059, 0.0043, 0.3432, -9.0515, -0.0294
2025-03-05 02:53:54.641058, 320, 240, 3.0410, -0.0032, -0.0085, 0.0016, 0.3432, -9.0712, -0.0294
2025-03-05 02:53:54.707984, 320, 240, 3.1040, -0.0005, -0.0053, 0.0011, 0.3432, -9.0515, -0.0294
2025-03-05 02:53:54.741089, 320, 240, 3.0410, -0.0027, -0.0043, 0.0027, 0.3432, -9.0515, -0.0294
2025-03-05 02:53:54.807521, 320, 240, 3.0640, 0.0032, -0.0032, 0.0027, 0.3432, -9.0712, -0.0490
2025-03-05 02:53:54.841025, 320, 240, 3.0250, -0.0027, -0.0064, 0.0011, 0.3628, -9.0515, -0.0294
2025-03-05 02:53:54.907387, 320, 240, 3.1880, -0.0005, -0.0053, 0.0027, 0.3628, -9.0515, -0.0294
2025-03-05 02:53:54.940859, 320, 240, 3.0800, 0.0021, -0.0048, 0.0027, 0.3628, -9.0515, -0.0294
2025-03-05 02:53:55.007965, 320, 240, 3.1130, 0.0011, -0.0080, 0.0059, 0.3628, -9.0515, -0.0098
2025-03-05 02:53:55.041553, 320, 240, 3.0330, 0.0011, -0.0053, 0.0005, 0.3432, -9.0515, -0.0294
2025-03-05 02:53:55.107336, 320, 240, 3.0800, -0.0027, -0.0085, 0.0037, 0.3628, -9.0515, -0.0294
2025-03-05 02:53:55.139625, 320, 240, 3.0640, 0.0037, -0.0064, -0.0016, 0.3432, -9.0712, -0.0294
2025-03-05 02:53:55.207827, 320, 240, 3.0880, -0.0011, -0.0059, 0.0032, 0.3432, -9.0712, -0.0294
2025-03-05 02:53:55.241021, 320, 240, 3.1040, -0.0005, -0.0053, -0.0005, 0.3432, -9.0515, -0.0294
2025-03-05 02:53:55.307727, 320, 240, 3.0640, 0.0048, -0.0059, 0.0032, 0.3628, -9.0515, -0.0294
2025-03-05 02:53:55.341211, 320, 240, 3.1040, -0.0027, -0.0037, 0.0053, 0.3628, -9.0515, -0.0098
2025-03-05 02:53:55.407527, 320, 240, 3.1040, 0.0011, -0.0075, 0.0011, 0.3432, -9.0712, -0.0490
2025-03-05 02:53:55.439987, 320, 240, 3.1130, -0.0021, -0.0080, 0.0053, 0.3628, -9.0515, -0.0294
2025-03-05 02:53:55.507806, 320, 240, 3.0330, 0.0000, -0.0075, 0.0043, 0.3628, -9.0712, -0.0098
2025-03-05 02:53:55.541345, 320, 240, 3.1960, 0.0000, -0.0016, 0.0005, 0.3432, -9.0515, -0.0294
2025-03-05 02:53:55.608006, 320, 240, 3.0570, 0.0000, -0.0043, 0.0037, 0.3432, -9.0515, -0.0294
2025-03-05 02:53:55.641168, 320, 240, 3.0570, 0.0011, -0.0048, 0.0037, 0.3628, -9.0515, -0.0294
2025-03-05 02:53:55.707885, 320, 240, 3.0640, -0.0011, -0.0064, 0.0000, 0.3628, -9.0515, -0.0098
2025-03-05 02:53:55.741126, 320, 240, 3.1620, -0.0032, -0.0096, 0.0027, 0.3628, -9.0515, -0.0098
2025-03-05 02:53:55.808330, 320, 240, 3.1710, -0.0021, -0.0101, 0.0032, 0.3628, -9.0319, -0.0294
2025-03-05 02:53:55.841630, 320, 240, 3.0410, -0.0016, -0.0085, 0.0005, 0.3628, -9.0515, -0.0098
2025-03-05 02:53:55.907743, 320, 240, 3.0570, 0.0021, -0.0059, 0.0043, 0.3628, -9.0712, -0.0294
2025-03-05 02:53:55.941302, 320, 240, 3.1370, 0.0016, -0.0037, 0.0005, 0.3432, -9.0712, -0.0294
2025-03-05 02:53:56.007811, 320, 240, 3.0880, -0.0005, -0.0069, 0.0016, 0.3432, -9.0515, -0.0294
2025-03-05 02:53:56.041233, 320, 240, 3.1620, -0.0027, -0.0117, 0.0011, 0.3432, -9.0515, -0.0294
2025-03-05 02:53:56.107369, 320, 240, 3.1370, 0.0037, -0.0085, 0.0011, 0.3432, -9.0515, -0.0098
2025-03-05 02:53:56.140012, 320, 240, 3.1370, 0.0027, -0.0069, 0.0059, 0.3432, -9.0515, -0.0098
2025-03-05 02:53:56.208001, 320, 240, 3.0330, -0.0011, -0.0107, 0.0027, 0.3432, -9.0515, -0.0294
2025-03-05 02:53:56.241349, 320, 240, 3.1130, -0.0032, -0.0064, -0.0032, 0.3628, -9.0712, -0.0294
2025-03-05 02:53:56.307799, 320, 240, 3.1040, 0.0027, -0.0032, 0.0000, 0.3432, -9.0515, -0.0294
2025-03-05 02:53:56.341453, 320, 240, 3.0100, -0.0016, -0.0096, -0.0005, 0.3628, -9.0712, -0.0098
2025-03-05 02:53:56.407734, 320, 240, 3.1040, 0.0021, -0.0069, 0.0011, 0.3628, -9.0515, -0.0294
2025-03-05 02:53:56.441572, 320, 240, 3.1450, -0.0037, -0.0091, 0.0021, 0.3432, -9.0515, -0.0294
2025-03-05 02:53:56.508445, 320, 240, 3.1210, -0.0032, -0.0048, 0.0048, 0.3432, -9.0712, -0.0098
2025-03-05 02:53:56.541730, 320, 240, 3.0330, 0.0011, -0.0048, 0.0027, 0.3628, -9.0319, -0.0294
2025-03-05 02:53:56.608306, 320, 240, 3.0640, -0.0016, -0.0096, 0.0043, 0.3628, -9.0712, -0.0294
2025-03-05 02:53:56.641703, 320, 240, 3.0800, 0.0027, -0.0048, 0.0043, 0.3628, -9.0712, -0.0294
2025-03-05 02:53:56.708405, 320, 240, 3.1040, 0.0005, -0.0091, 0.0011, 0.3432, -9.0515, -0.0098
2025-03-05 02:53:56.741864, 320, 240, 3.1370, -0.0021, -0.0085, 0.0027, 0.3432, -9.0712, -0.0098
2025-03-05 02:53:56.808333, 320, 240, 3.0880, 0.0021, -0.0096, -0.0011, 0.3628, -9.0712, -0.0294
2025-03-05 02:53:56.841893, 320, 240, 3.0570, -0.0021, -0.0069, 0.0043, 0.3628, -9.0515, -0.0294
2025-03-05 02:53:56.908219, 320, 240, 3.1620, 0.0005, -0.0048, 0.0005, 0.3432, -9.0515, -0.0294
2025-03-05 02:53:56.942028, 320, 240, 3.1710, 0.0011, -0.0043, 0.0043, 0.3628, -9.0712, -0.0294
2025-03-05 02:53:57.008741, 320, 240, 3.0640, 0.0016, -0.0043, 0.0021, 0.3432, -9.0712, -0.0098
2025-03-05 02:53:57.042278, 320, 240, 3.1040, -0.0021, -0.0059, 0.0021, 0.3628, -9.0515, -0.0294
2025-03-05 02:53:57.108723, 320, 240, 3.0330, 0.0000, -0.0069, -0.0027, 0.3628, -9.0515, -0.0294
2025-03-05 02:53:57.140536, 320, 240, 3.0410, 0.0016, -0.0117, 0.0048, 0.3432, -9.0515, -0.0294
2025-03-05 02:53:57.209062, 320, 240, 3.1370, 0.0005, -0.0069, 0.0005, 0.3628, -9.0515, -0.0490
2025-03-05 02:53:57.242750, 320, 240, 3.1370, -0.0005, -0.0096, -0.0005, 0.3628, -9.0515, -0.0098
2025-03-05 02:53:57.308520, 320, 240, 3.1130, 0.0011, -0.0048, 0.0000, 0.3628, -9.0515, -0.0098
2025-03-05 02:53:57.342171, 320, 240, 3.1620, -0.0016, -0.0064, 0.0043, 0.3628, -9.0712, -0.0098
2025-03-05 02:53:57.408884, 320, 240, 3.0410, 0.0016, -0.0133, -0.0032, 0.3432, -9.0515, -0.0098
2025-03-05 02:53:57.442248, 320, 240, 3.0800, -0.0005, -0.0091, 0.0005, 0.3432, -9.0712, -0.0098
2025-03-05 02:53:57.508931, 320, 240, 3.1130, 0.0027, -0.0069, 0.0016, 0.3628, -9.0712, -0.0294
2025-03-05 02:53:57.542299, 320, 240, 3.2050, -0.0016, -0.0096, 0.0048, 0.3432, -9.0515, -0.0294
2025-03-05 02:53:57.608900, 320, 240, 3.0410, 0.0011, -0.0053, 0.0048, 0.3432, -9.0319, -0.0294
2025-03-05 02:53:57.642666, 320, 240, 3.1710, 0.0021, -0.0096, 0.0000, 0.3432, -9.0515, -0.0098
2025-03-05 02:53:57.709036, 320, 240, 3.0880, -0.0027, -0.0059, 0.0021, 0.3628, -9.0515, -0.0098
2025-03-05 02:53:57.742395, 320, 240, 3.0640, 0.0005, -0.0096, 0.0059, 0.3432, -9.0515, -0.0294
2025-03-05 02:53:57.809145, 320, 240, 3.1370, 0.0011, -0.0021, 0.0027, 0.3432, -9.0515, -0.0294
2025-03-05 02:53:57.842366, 320, 240, 3.0640, 0.0005, -0.0096, 0.0027, 0.3628, -9.0712, -0.0098
2025-03-05 02:53:57.909140, 320, 240, 3.0640, -0.0005, -0.0085, 0.0021, 0.3628, -9.0515, -0.0294
2025-03-05 02:53:57.942115, 320, 240, 3.0880, -0.0032, -0.0091, -0.0027, 0.3432, -9.0515, -0.0294
2025-03-05 02:53:58.008975, 320, 240, 3.0640, -0.0016, -0.0101, 0.0000, 0.3432, -9.0515, -0.0294
2025-03-05 02:53:58.042615, 320, 240, 3.0100, 0.0005, -0.0091, -0.0011, 0.3628, -9.0515, -0.0098
2025-03-05 02:53:58.109183, 320, 240, 3.0410, 0.0000, -0.0101, 0.0048, 0.3628, -9.0712, -0.0294
2025-03-05 02:53:58.141236, 320, 240, 3.0800, 0.0016, -0.0064, 0.0048, 0.3432, -9.0515, -0.0098
2025-03-05 02:53:58.209407, 320, 240, 3.1370, -0.0032, -0.0091, 0.0043, 0.3628, -9.0515, -0.0294
2025-03-05 02:53:58.242740, 320, 240, 3.0640, -0.0021, -0.0069, 0.0005, 0.3432, -9.0515, -0.0294
2025-03-05 02:53:58.309368, 320, 240, 3.0800, 0.0016, -0.0085, 0.0037, 0.3628, -9.0515, -0.0294
2025-03-05 02:53:58.343240, 320, 240, 3.1790, 0.0005, -0.0091, 0.0037, 0.3432, -9.0515, -0.0294
2025-03-05 02:53:58.409822, 320, 240, 3.1620, -0.0005, -0.0101, 0.0037, 0.3628, -9.0712, -0.0294
2025-03-05 02:53:58.442253, 320, 240, 3.0880, 0.0011, -0.0101, 0.0037, 0.3432, -9.0515, -0.0294
2025-03-05 02:53:58.509481, 320, 240, 3.1210, 0.0027, -0.0032, 0.0027, 0.3628, -9.0515, -0.0294
2025-03-05 02:53:58.542833, 320, 240, 3.0880, -0.0032, -0.0075, 0.0032, 0.3432, -9.0515, -0.0490
2025-03-05 02:53:58.609459, 320, 240, 2.9720, 0.0032, -0.0059, 0.0032, 0.3432, -9.0515, -0.0294
2025-03-05 02:53:58.642794, 320, 240, 3.0250, 0.0027, -0.0080, 0.0027, 0.3628, -9.0712, -0.0294
2025-03-05 02:53:58.709501, 320, 240, 3.0880, 0.0000, -0.0085, 0.0048, 0.3628, -9.0515, -0.0098
2025-03-05 02:53:58.742791, 320, 240, 3.1040, -0.0011, -0.0064, 0.0027, 0.3432, -9.0712, -0.0294
2025-03-05 02:53:58.809661, 320, 240, 3.1040, 0.0000, -0.0085, 0.0016, 0.3432, -9.0515, -0.0098
2025-03-05 02:53:58.843002, 320, 240, 3.0030, 0.0021, -0.0096, 0.0053, 0.3628, -9.0515, -0.0294
2025-03-05 02:53:58.909846, 320, 240, 3.0800, 0.0048, -0.0048, 0.0011, 0.3432, -9.0712, -0.0294
2025-03-05 02:53:58.942636, 320, 240, 3.0640, 0.0000, -0.0037, 0.0053, 0.3432, -9.0515, -0.0294
2025-03-05 02:53:59.009709, 320, 240, 3.1210, -0.0016, -0.0064, 0.0011, 0.3432, -9.0515, -0.0294
2025-03-05 02:53:59.043105, 320, 240, 3.0800, -0.0016, -0.0080, 0.0005, 0.3628, -9.0712, -0.0490
2025-03-05 02:53:59.109769, 320, 240, 3.1040, 0.0016, -0.0032, -0.0016, 0.3628, -9.0515, -0.0294
2025-03-05 02:53:59.141477, 320, 240, 3.1040, 0.0005, -0.0037, 0.0032, 0.3432, -9.0515, -0.0294
2025-03-05 02:53:59.209785, 320, 240, 3.1880, -0.0016, -0.0069, 0.0032, 0.3432, -9.0712, -0.0490
2025-03-05 02:53:59.243281, 320, 240, 3.1040, -0.0005, -0.0053, 0.0011, 0.3628, -9.0712, -0.0490
2025-03-05 02:53:59.309885, 320, 240, 3.1040, 0.0000, -0.0016, 0.0011, 0.3432, -9.0515, -0.0098
2025-03-05 02:53:59.343353, 320, 240, 3.1210, 0.0005, -0.0069, 0.0011, 0.3432, -9.0712, -0.0098
2025-03-05 02:53:59.409676, 320, 240, 3.0250, 0.0027, -0.0069, 0.0048, 0.3432, -9.0712, -0.0294
2025-03-05 02:53:59.443264, 320, 240, 3.1370, 0.0011, -0.0085, 0.0005, 0.3628, -9.0712, -0.0098
2025-03-05 02:53:59.509468, 320, 240, 3.0880, 0.0011, -0.0064, 0.0016, 0.3628, -9.0515, -0.0294
2025-03-05 02:53:59.542503, 320, 240, 3.1130, -0.0027, -0.0085, 0.0005, 0.3628, -9.0712, -0.0098
2025-03-05 02:53:59.610139, 320, 240, 3.1790, -0.0027, -0.0085, 0.0011, 0.3628, -9.0515, -0.0294
2025-03-05 02:53:59.643585, 320, 240, 3.1040, 0.0037, -0.0064, 0.0021, 0.3628, -9.0515, -0.0098
2025-03-05 02:53:59.709062, 320, 240, 3.1620, 0.0005, -0.0053, -0.0021, 0.3432, -9.0515, -0.0098
2025-03-05 02:53:59.743709, 320, 240, 3.0330, -0.0037, -0.0085, 0.0011, 0.3628, -9.0515, -0.0098
2025-03-05 02:53:59.810260, 320, 240, 3.0100, 0.0021, -0.0069, 0.0000, 0.3628, -9.0515, -0.0294
2025-03-05 02:53:59.843735, 320, 240, 2.9950, 0.0032, -0.0053, 0.0048, 0.3628, -9.0712, -0.0294
2025-03-05 02:53:59.910340, 320, 240, 3.0640, -0.0011, -0.0091, 0.0011, 0.3628, -9.0515, -0.0098
2025-03-05 02:53:59.943221, 320, 240, 3.0570, -0.0021, -0.0075, 0.0005, 0.3628, -9.0712, -0.0294
2025-03-05 02:54:00.009743, 320, 240, 3.1710, 0.0011, -0.0037, 0.0043, 0.3628, -9.0515, -0.0098
2025-03-05 02:54:00.043843, 320, 240, 3.0410, 0.0000, -0.0043, 0.0021, 0.3628, -9.0515, -0.0294
2025-03-05 02:54:00.110657, 320, 240, 3.1040, 0.0000, -0.0048, 0.0027, 0.3628, -9.0712, -0.0294
2025-03-05 02:54:00.142305, 320, 240, 3.1370, 0.0027, -0.0064, 0.0043, 0.3628, -9.0712, -0.0098
2025-03-05 02:54:00.210402, 320, 240, 3.0800, -0.0011, -0.0048, 0.0059, 0.3628, -9.0712, -0.0098
2025-03-05 02:54:00.243509, 320, 240, 3.1040, 0.0000, -0.0085, 0.0043, 0.3432, -9.0515, -0.0294
2025-03-05 02:54:00.310349, 320, 240, 3.1710, 0.0011, -0.0059, -0.0011, 0.3432, -9.0515, -0.0294
2025-03-05 02:54:00.343839, 320, 240, 3.1040, 0.0016, -0.0112, 0.0016, 0.3628, -9.0712, -0.0294
2025-03-05 02:54:00.410820, 320, 240, 3.0410, 0.0021, -0.0048, 0.0032, 0.3432, -9.0712, 0.0000
2025-03-05 02:54:00.443706, 320, 240, 3.0250, -0.0016, -0.0075, 0.0016, 0.3628, -9.0515, -0.0098
2025-03-05 02:54:00.510408, 320, 240, 3.0180, -0.0016, -0.0059, -0.0005, 0.3432, -9.0515, -0.0098
2025-03-05 02:54:00.543951, 320, 240, 3.1040, 0.0000, -0.0053, -0.0016, 0.3628, -9.0515, -0.0294
2025-03-05 02:54:00.610470, 320, 240, 3.1130, -0.0021, -0.0091, 0.0011, 0.3432, -9.0515, -0.0294
2025-03-05 02:54:00.644062, 320, 240, 3.1880, 0.0000, -0.0053, 0.0048, 0.3628, -9.0712, -0.0294
2025-03-05 02:54:00.710673, 320, 240, 3.0800, -0.0011, -0.0085, 0.0011, 0.3432, -9.0515, -0.0294
2025-03-05 02:54:00.777020, 320, 240, 3.1040, -0.0016, -0.0053, 0.0027, 0.3432, -9.0712, -0.0098
2025-03-05 02:54:00.810774, 320, 240, 3.1040, -0.0005, -0.0069, 0.0016, 0.3628, -9.0515, -0.0098
2025-03-05 02:54:00.876566, 320, 240, 3.1040, -0.0016, -0.0080, -0.0005, 0.3628, -9.0515, -0.0294
2025-03-05 02:54:00.910446, 320, 240, 3.1960, -0.0021, -0.0101, 0.0021, 0.3432, -9.0515, -0.0294
2025-03-05 02:54:00.977577, 320, 240, 3.0410, 0.0005, -0.0021, 0.0000, 0.3628, -9.0515, -0.0294
2025-03-05 02:54:01.011049, 320, 240, 3.0640, -0.0016, -0.0080, 0.0075, 0.3432, -9.0515, -0.0294
2025-03-05 02:54:01.077575, 320, 240, 3.0800, -0.0005, -0.0138, -0.0016, 0.3628, -9.0515, -0.0294
2025-03-05 02:54:01.110904, 320, 240, 3.0880, 0.0000, -0.0080, 0.0005, 0.3432, -9.0712, -0.0294
2025-03-05 02:54:01.177287, 320, 240, 3.0100, -0.0027, -0.0059, 0.0032, 0.3432, -9.0712, -0.0098
2025-03-05 02:54:01.211033, 320, 240, 3.1040, -0.0027, -0.0117, 0.0027, 0.3432, -9.0515, -0.0098
2025-03-05 02:54:01.277676, 320, 240, 3.0640, -0.0005, -0.0048, 0.0027, 0.3628, -9.0712, -0.0294
2025-03-05 02:54:01.310964, 320, 240, 3.0880, -0.0016, -0.0101, 0.0037, 0.3432, -9.0515, -0.0294
2025-03-05 02:54:01.377454, 320, 240, 3.0880, 0.0016, -0.0096, 0.0064, 0.3432, -9.0712, -0.0098
2025-03-05 02:54:01.410568, 320, 240, 3.0180, -0.0011, -0.0064, 0.0043, 0.3432, -9.0515, -0.0294
2025-03-05 02:54:01.543660, 320, 240, 3.0800, 0.0021, -0.0091, 0.0005, 0.3628, -9.0515, -0.0098
2025-03-05 02:54:01.577905, 320, 240, 3.0800, -0.0011, -0.0059, 0.0021, 0.3432, -9.0712, -0.0294
2025-03-05 02:54:01.644553, 320, 240, 3.0880, -0.0032, -0.0069, 0.0027, 0.3825, -9.0712, -0.0294
2025-03-05 02:54:01.677843, 320, 240, 3.0330, -0.0011, -0.0064, -0.0005, 0.3432, -9.0515, -0.0098
2025-03-05 02:54:01.744736, 320, 240, 3.0880, -0.0027, -0.0064, 0.0016, 0.3628, -9.0319, -0.0294
2025-03-05 02:54:01.811346, 320, 240, 3.1210, 0.0016, -0.0091, 0.0021, 0.3628, -9.0712, -0.0294
2025-03-05 02:54:01.844657, 320, 240, 3.1790, -0.0027, -0.0064, 0.0032, 0.3432, -9.0515, -0.0294
2025-03-05 02:54:01.910889, 320, 240, 3.0880, -0.0005, -0.0091, 0.0000, 0.3432, -9.0515, -0.0098
2025-03-05 02:54:01.944496, 320, 240, 3.0410, -0.0005, -0.0080, 0.0048, 0.3432, -9.0515, -0.0490
2025-03-05 02:54:02.011371, 320, 240, 3.0800, -0.0011, -0.0085, 0.0000, 0.3432, -9.0712, -0.0294
2025-03-05 02:54:02.044322, 320, 240, 3.1710, 0.0000, -0.0053, 0.0027, 0.3628, -9.0515, -0.0294
2025-03-05 02:54:02.111130, 320, 240, 3.1210, 0.0016, -0.0064, 0.0053, 0.3432, -9.0515, -0.0294
2025-03-05 02:54:02.143331, 320, 240, 3.1210, 0.0011, -0.0085, 0.0053, 0.3432, -9.0712, -0.0294
2025-03-05 02:54:02.211657, 320, 240, 3.1710, -0.0011, -0.0091, 0.0037, 0.3432, -9.0515, -0.0294
2025-03-05 02:54:02.245139, 320, 240, 3.1450, -0.0016, -0.0075, 0.0037, 0.3432, -9.0515, -0.0098
2025-03-05 02:54:02.311426, 320, 240, 3.0640, -0.0011, -0.0069, 0.0000, 0.3628, -9.0515, -0.0294
2025-03-05 02:54:02.345044, 320, 240, 3.0330, 0.0016, -0.0048, 0.0027, 0.3628, -9.0515, -0.0294
2025-03-05 02:54:02.411613, 320, 240, 3.1450, -0.0005, -0.0037, 0.0043, 0.3432, -9.0712, -0.0294
2025-03-05 02:54:02.477889, 320, 240, 3.0570, -0.0016, -0.0053, 0.0037, 0.3628, -9.0515, -0.0294
2025-03-05 02:54:02.511821, 320, 240, 3.1040, 0.0016, -0.0032, 0.0048, 0.3432, -9.0515, -0.0098
2025-03-05 02:54:02.578307, 320, 240, 3.1880, -0.0016, -0.0091, 0.0016, 0.3432, -9.0712, -0.0098
2025-03-05 02:54:02.611796, 320, 240, 3.1040, -0.0021, -0.0117, 0.0048, 0.3432, -9.0712, -0.0294
2025-03-05 02:54:02.678312, 320, 240, 3.1370, 0.0027, -0.0075, 0.0032, 0.3432, -9.0515, -0.0294
2025-03-05 02:54:02.711823, 320, 240, 3.1880, -0.0027, -0.0080, 0.0027, 0.3432, -9.0515, -0.0294
2025-03-05 02:54:02.778960, 320, 240, 3.0640, -0.0021, -0.0053, 0.0043, 0.3432, -9.0515, -0.0098
2025-03-05 02:54:02.812177, 320, 240, 3.0800, 0.0027, -0.0064, 0.0037, 0.3628, -9.0515, -0.0294
2025-03-05 02:54:02.878899, 320, 240, 3.1710, -0.0016, -0.0053, 0.0016, 0.3628, -9.0515, -0.0294
2025-03-05 02:54:02.911966, 320, 240, 3.1620, 0.0000, -0.0080, 0.0027, 0.3628, -9.0515, -0.0294
2025-03-05 02:54:03.011989, 320, 240, 3.1210, 0.0016, -0.0064, 0.0043, 0.3432, -9.0515, -0.0098
2025-03-05 02:54:03.045284, 320, 240, 3.0570, 0.0016, -0.0069, 0.0043, 0.3432, -9.0515, -0.0294
2025-03-05 02:54:03.111846, 320, 240, 3.1040, 0.0011, -0.0080, 0.0048, 0.3432, -9.0712, -0.0294
2025-03-05 02:54:03.143812, 320, 240, 3.1130, 0.0000, -0.0138, 0.0043, 0.3628, -9.0712, -0.0294
2025-03-05 02:54:03.211901, 320, 240, 3.1370, 0.0037, -0.0064, 0.0027, 0.3432, -9.0515, -0.0294
2025-03-05 02:54:03.245319, 320, 240, 3.0640, 0.0000, -0.0064, 0.0000, 0.3628, -9.0319, -0.0294
2025-03-05 02:54:03.312003, 320, 240, 3.1130, 0.0000, -0.0080, 0.0027, 0.3628, -9.0712, -0.0098
2025-03-05 02:54:03.378298, 320, 240, 3.0570, 0.0005, -0.0107, 0.0043, 0.3432, -9.0515, -0.0294
2025-03-05 02:54:03.612016, 320, 240, 3.0880, 0.0016, -0.0069, 0.0048, 0.3432, -9.0712, -0.0294
2025-03-05 02:54:03.645618, 320, 240, 3.1130, 0.0032, -0.0080, 0.0005, 0.3628, -9.0515, -0.0294
2025-03-05 02:54:03.712352, 320, 240, 3.1880, 0.0000, -0.0053, 0.0043, 0.3432, -9.0712, -0.0098
2025-03-05 02:54:03.745588, 320, 240, 3.1040, 0.0000, -0.0059, 0.0011, 0.3628, -9.0908, -0.0490
2025-03-05 02:54:03.812203, 320, 240, 3.1880, 0.0027, -0.0085, 0.0027, 0.3628, -9.0712, -0.0098
2025-03-05 02:54:03.845811, 320, 240, 3.1040, -0.0027, -0.0091, 0.0011, 0.3628, -9.0515, -0.0294
2025-03-05 02:54:03.912960, 320, 240, 3.1620, -0.0011, -0.0043, 0.0043, 0.3432, -9.0515, -0.0294
2025-03-05 02:54:03.945860, 320, 240, 3.0250, -0.0005, -0.0053, -0.0005, 0.3628, -9.0712, -0.0294
2025-03-05 02:54:04.012271, 320, 240, 3.1130, -0.0021, -0.0075, 0.0016, 0.3628, -9.0515, -0.0294
2025-03-05 02:54:04.045857, 320, 240, 3.0570, -0.0005, -0.0085, 0.0016, 0.3628, -9.0515, -0.0098
2025-03-05 02:54:04.312959, 320, 240, 3.1620, 0.0011, -0.0043, 0.0032, 0.3628, -9.0515, -0.0098
2025-03-05 02:54:04.346734, 320, 240, 3.0880, 0.0005, -0.0064, 0.0016, 0.3432, -9.0712, -0.0294
2025-03-05 02:54:04.412470, 320, 240, 3.0640, 0.0011, -0.0048, 0.0011, 0.3432, -9.0712, -0.0294
2025-03-05 02:54:04.445741, 320, 240, 3.0640, 0.0016, -0.0043, 0.0043, 0.3432, -9.0515, -0.0294
2025-03-05 02:54:04.513026, 320, 240, 3.1210, 0.0021, -0.0048, 0.0005, 0.3628, -9.0712, -0.0294
2025-03-05 02:54:04.546410, 320, 240, 3.1040, -0.0032, -0.0069, 0.0021, 0.3628, -9.0712, -0.0098
2025-03-05 02:54:04.613054, 320, 240, 3.0330, 0.0005, -0.0064, 0.0043, 0.3432, -9.0515, -0.0098
2025-03-05 02:54:04.646239, 320, 240, 3.1130, 0.0032, -0.0080, 0.0043, 0.3628, -9.0712, -0.0294
2025-03-05 02:54:04.712656, 320, 240, 3.0800, -0.0005, -0.0091, 0.0000, 0.3432, -9.0515, -0.0294
2025-03-05 02:54:04.746297, 320, 240, 3.1040, -0.0005, -0.0117, 0.0021, 0.3628, -9.0515, -0.0098
2025-03-05 02:54:04.812716, 320, 240, 3.0800, 0.0021, -0.0053, 0.0016, 0.3628, -9.0515, -0.0294
2025-03-05 02:54:04.846473, 320, 240, 3.0410, -0.0021, -0.0144, 0.0043, 0.3432, -9.0712, -0.0098
2025-03-05 02:54:04.912960, 320, 240, 3.1040, 0.0027, -0.0059, 0.0032, 0.3432, -9.0515, -0.0294
2025-03-05 02:54:04.945956, 320, 240, 3.1790, 0.0000, -0.0043, 0.0037, 0.3628, -9.0712, -0.0294
2025-03-05 02:54:05.012873, 320, 240, 3.1210, -0.0027, -0.0064, 0.0043, 0.3432, -9.0712, -0.0098
2025-03-05 02:54:05.046478, 320, 240, 3.1040, 0.0005, -0.0091, 0.0021, 0.3432, -9.0712, -0.0098
2025-03-05 02:54:05.112813, 320, 240, 3.0880, 0.0011, -0.0048, 0.0032, 0.3628, -9.0515, -0.0098
2025-03-05 02:54:05.145284, 320, 240, 3.0800, 0.0016, -0.0069, 0.0027, 0.3628, -9.0515, -0.0098
2025-03-05 02:54:05.213792, 320, 240, 3.1790, 0.0016, -0.0059, 0.0027, 0.3432, -9.0515, -0.0294
2025-03-05 02:54:05.246856, 320, 240, 3.1790, -0.0032, -0.0037, 0.0043, 0.3432, -9.0712, -0.0098
2025-03-05 02:54:05.313295, 320, 240, 3.1370, -0.0043, -0.0043, 0.0037, 0.3628, -9.0712, -0.0098
2025-03-05 02:54:05.346782, 320, 240, 3.1130, 0.0037, -0.0037, 0.0027, 0.3432, -9.0712, -0.0098
2025-03-05 02:54:05.412932, 320, 240, 3.0410, -0.0021, -0.0032, 0.0005, 0.3432, -9.0515, -0.0294
2025-03-05 02:54:05.446598, 320, 240, 3.0410, -0.0027, -0.0075, 0.0005, 0.3432, -9.0712, -0.0294
2025-03-05 02:54:05.513017, 320, 240, 3.1210, -0.0016, -0.0080, 0.0048, 0.3432, -9.0515, -0.0294
2025-03-05 02:54:05.546395, 320, 240, 3.0800, -0.0016, -0.0096, 0.0027, 0.3628, -9.0515, -0.0294
2025-03-05 02:54:05.612298, 320, 240, 3.0640, -0.0032, -0.0080, 0.0037, 0.3432, -9.0515, -0.0294
2025-03-05 02:54:05.646551, 320, 240, 3.0030, 0.0011, -0.0112, 0.0005, 0.3432, -9.0515, -0.0294
2025-03-05 02:54:05.713196, 320, 240, 3.1960, 0.0048, -0.0096, -0.0005, 0.3628, -9.0515, -0.0098
2025-03-05 02:54:05.746753, 320, 240, 3.1450, -0.0021, -0.0096, 0.0037, 0.3628, -9.0515, 0.0000
2025-03-05 02:54:05.813290, 320, 240, 3.0800, -0.0011, -0.0080, 0.0021, 0.3432, -9.0515, -0.0294
2025-03-05 02:54:05.980625, 320, 240, 3.1210, 0.0021, -0.0037, -0.0005, 0.3432, -9.0712, -0.0294
2025-03-05 02:54:06.013539, 320, 240, 3.1370, 0.0016, -0.0043, 0.0016, 0.3628, -9.0515, -0.0294
2025-03-05 02:54:06.080085, 320, 240, 3.0800, -0.0016, -0.0064, 0.0021, 0.3628, -9.0515, -0.0294
2025-03-05 02:54:06.113578, 320, 240, 3.1710, 0.0005, -0.0053, 0.0043, 0.3432, -9.0515, -0.0098
2025-03-05 02:54:06.180121, 320, 240, 3.0250, -0.0027, -0.0069, 0.0027, 0.3432, -9.0712, -0.0294
2025-03-05 02:54:06.213611, 320, 240, 3.0180, -0.0032, -0.0064, 0.0037, 0.3628, -9.0515, -0.0294
2025-03-05 02:54:06.280177, 320, 240, 3.0100, 0.0021, -0.0064, 0.0000, 0.3628, -9.0712, -0.0098
2025-03-05 02:54:06.313712, 320, 240, 3.1370, 0.0032, -0.0069, 0.0021, 0.3432, -9.0515, -0.0294
2025-03-05 02:54:06.380146, 320, 240, 3.0880, 0.0021, -0.0091, 0.0005, 0.3628, -9.0712, -0.0098
2025-03-05 02:54:06.413874, 320, 240, 3.1210, 0.0021, -0.0096, 0.0011, 0.3432, -9.0712, -0.0098
2025-03-05 02:54:06.480470, 320, 240, 3.1210, -0.0011, -0.0101, 0.0032, 0.3432, -9.0515, -0.0098
2025-03-05 02:54:06.513915, 320, 240, 3.0640, -0.0021, -0.0064, -0.0005, 0.3432, -9.0515, -0.0294
2025-03-05 02:54:06.580370, 320, 240, 3.0880, -0.0016, -0.0069, 0.0021, 0.3628, -9.0515, -0.0294
2025-03-05 02:54:06.614034, 320, 240, 3.1370, 0.0000, -0.0021, 0.0048, 0.3432, -9.0712, -0.0294
2025-03-05 02:54:06.680603, 320, 240, 2.9950, 0.0053, -0.0059, 0.0027, 0.3432, -9.0712, -0.0490
2025-03-05 02:54:06.713977, 320, 240, 3.1040, 0.0021, -0.0085, 0.0032, 0.3628, -9.0515, -0.0294
2025-03-05 02:54:06.780563, 320, 240, 3.1040, 0.0011, -0.0059, -0.0011, 0.3628, -9.0712, -0.0294
2025-03-05 02:54:06.813966, 320, 240, 3.0800, -0.0037, -0.0069, 0.0043, 0.3432, -9.0515, -0.0294
2025-03-05 02:54:06.880717, 320, 240, 3.1040, 0.0000, -0.0043, 0.0000, 0.3432, -9.0712, -0.0098
2025-03-05 02:54:06.913162, 320, 240, 3.0250, -0.0005, -0.0085, 0.0059, 0.3628, -9.0515, -0.0294
2025-03-05 02:54:06.980692, 320, 240, 3.1040, 0.0032, -0.0101, 0.0048, 0.3628, -9.0515, -0.0294
2025-03-05 02:54:07.046962, 320, 240, 3.1710, 0.0032, -0.0069, 0.0027, 0.3628, -9.0712, -0.0098
2025-03-05 02:54:07.080827, 320, 240, 3.1040, 0.0027, -0.0085, 0.0037, 0.3628, -9.0712, -0.0098
2025-03-05 02:54:07.145712, 320, 240, 3.1710, 0.0005, -0.0080, 0.0037, 0.3628, -9.0515, -0.0294
2025-03-05 02:54:07.180632, 320, 240, 3.0640, 0.0053, -0.0059, 0.0021, 0.3628, -9.0515, -0.0294
2025-03-05 02:54:07.248071, 320, 240, 3.1040, 0.0032, -0.0096, 0.0005, 0.3432, -9.0712, -0.0490
2025-03-05 02:54:07.280878, 320, 240, 3.1620, 0.0000, -0.0080, 0.0021, 0.3432, -9.0515, -0.0098
2025-03-05 02:54:07.347765, 320, 240, 3.0640, -0.0005, -0.0064, 0.0016, 0.3628, -9.0712, -0.0098
2025-03-05 02:54:07.380893, 320, 240, 3.1450, -0.0016, -0.0075, 0.0027, 0.3628, -9.0515, -0.0098
2025-03-05 02:54:07.447712, 320, 240, 3.0800, 0.0016, -0.0069, 0.0037, 0.3432, -9.0515, -0.0098
2025-03-05 02:54:07.481154, 320, 240, 3.1130, 0.0005, -0.0096, 0.0043, 0.3432, -9.0712, -0.0098
2025-03-05 02:54:07.547562, 320, 240, 3.1210, -0.0016, -0.0112, 0.0043, 0.3432, -9.0515, -0.0294
2025-03-05 02:54:07.581196, 320, 240, 3.1620, -0.0005, -0.0064, 0.0011, 0.3628, -9.0515, -0.0098
2025-03-05 02:54:07.646605, 320, 240, 3.1710, 0.0005, -0.0091, 0.0037, 0.3432, -9.0515, -0.0294
2025-03-05 02:54:07.681227, 320, 240, 3.1040, 0.0011, -0.0107, 0.0000, 0.3432, -9.0515, -0.0294
2025-03-05 02:54:07.747704, 320, 240, 3.1040, 0.0037, -0.0080, 0.0016, 0.3432, -9.0515, -0.0098
2025-03-05 02:54:07.781528, 320, 240, 3.0880, -0.0005, -0.0053, 0.0005, 0.3628, -9.0515, -0.0294
2025-03-05 02:54:07.847628, 320, 240, 3.1450, -0.0005, -0.0080, -0.0011, 0.3628, -9.0515, -0.0098
2025-03-05 02:54:07.881405, 320, 240, 2.9950, -0.0021, -0.0075, 0.0032, 0.3628, -9.0712, -0.0490
2025-03-05 02:54:07.947818, 320, 240, 3.0180, -0.0011, -0.0107, 0.0048, 0.3432, -9.0515, -0.0294
2025-03-05 02:54:07.981693, 320, 240, 3.1960, -0.0011, -0.0080, 0.0016, 0.3432, -9.0712, -0.0294
2025-03-05 02:54:08.047911, 320, 240, 3.0640, -0.0027, -0.0069, 0.0043, 0.3432, -9.0515, -0.0294
2025-03-05 02:54:08.081838, 320, 240, 3.1370, 0.0027, -0.0138, 0.0043, 0.3628, -9.0515, -0.0294
2025-03-05 02:54:08.146386, 320, 240, 3.0800, 0.0000, -0.0059, 0.0053, 0.3628, -9.0712, -0.0294
2025-03-05 02:54:08.181315, 320, 240, 3.1040, -0.0016, -0.0053, 0.0021, 0.3432, -9.0712, -0.0294
2025-03-05 02:54:08.247953, 320, 240, 3.1450, 0.0016, -0.0085, 0.0027, 0.3432, -9.0712, -0.0098
2025-03-05 02:54:08.281538, 320, 240, 3.1210, 0.0021, -0.0069, 0.0053, 0.3628, -9.0515, -0.0294
2025-03-05 02:54:08.347715, 320, 240, 3.0800, -0.0048, -0.0080, 0.0000, 0.3628, -9.0515, -0.0098
2025-03-05 02:54:08.381318, 320, 240, 3.0640, -0.0016, -0.0069, -0.0011, 0.3628, -9.0515, -0.0490
2025-03-05 02:54:08.448052, 320, 240, 3.1370, 0.0037, -0.0048, 0.0037, 0.3628, -9.0712, -0.0294
2025-03-05 02:54:08.481434, 320, 240, 3.1130, 0.0011, -0.0053, 0.0048, 0.3432, -9.0712, -0.0294
2025-03-05 02:54:08.548050, 320, 240, 3.0100, 0.0005, -0.0048, 0.0037, 0.3628, -9.0712, -0.0098
2025-03-05 02:54:08.581569, 320, 240, 3.1880, 0.0005, -0.0117, -0.0005, 0.3432, -9.0712, -0.0098
2025-03-05 02:54:08.648187, 320, 240, 3.0800, -0.0037, -0.0064, 0.0048, 0.3432, -9.0712, -0.0294
2025-03-05 02:54:08.681760, 320, 240, 3.0410, -0.0037, -0.0091, 0.0016, 0.3432, -9.0515, -0.0294
2025-03-05 02:54:08.748187, 320, 240, 3.1040, 0.0011, -0.0048, 0.0016, 0.3432, -9.0515, -0.0098
2025-03-05 02:54:08.781843, 320, 240, 3.0030, 0.0021, -0.0037, 0.0011, 0.3628, -9.0515, -0.0294
2025-03-05 02:54:08.848406, 320, 240, 3.1040, 0.0011, -0.0043, 0.0005, 0.3432, -9.0515, -0.0294
2025-03-05 02:54:08.881639, 320, 240, 3.0410, -0.0021, -0.0091, 0.0048, 0.3432, -9.0515, -0.0294
2025-03-05 02:54:08.948288, 320, 240, 3.1040, 0.0032, -0.0069, 0.0037, 0.3628, -9.0515, -0.0098
2025-03-05 02:54:08.981971, 320, 240, 3.0800, -0.0021, -0.0096, 0.0016, 0.3432, -9.0515, 0.0000
2025-03-05 02:54:09.048786, 320, 240, 3.1620, -0.0011, -0.0069, 0.0027, 0.3628, -9.0515, -0.0098
2025-03-05 02:54:09.081976, 320, 240, 3.0800, 0.0021, -0.0075, 0.0011, 0.3432, -9.0515, -0.0294
2025-03-05 02:54:09.146940, 320, 240, 3.1370, -0.0027, -0.0085, 0.0027, 0.3628, -9.0712, -0.0294
2025-03-05 02:54:09.181551, 320, 240, 3.0880, 0.0011, -0.0096, 0.0027, 0.3628, -9.0515, -0.0294
2025-03-05 02:54:09.248420, 320, 240, 3.0180, -0.0011, -0.0059, 0.0011, 0.3432, -9.0712, -0.0294
2025-03-05 02:54:09.281909, 320, 240, 3.1370, 0.0005, -0.0096, 0.0005, 0.3628, -9.0712, 0.0000
2025-03-05 02:54:09.349745, 320, 240, 3.0640, -0.0069, -0.0101, 0.0027, 0.3432, -9.0515, -0.0294
2025-03-05 02:54:09.381912, 320, 240, 3.0640, 0.0000, -0.0101, 0.0032, 0.3628, -9.0515, -0.0294
2025-03-05 02:54:09.448525, 320, 240, 3.1130, -0.0032, -0.0069, 0.0032, 0.3628, -9.0515, -0.0294
2025-03-05 02:54:09.481712, 320, 240, 3.1620, 0.0037, -0.0064, 0.0048, 0.3628, -9.0515, -0.0294
2025-03-05 02:54:09.548250, 320, 240, 3.1620, 0.0000, -0.0085, 0.0043, 0.3628, -9.0712, -0.0098
2025-03-05 02:54:09.582109, 320, 240, 3.1620, 0.0011, -0.0048, 0.0016, 0.3628, -9.0515, -0.0098
2025-03-05 02:54:09.648542, 320, 240, 3.1790, -0.0016, -0.0064, 0.0027, 0.3432, -9.0712, -0.0294
2025-03-05 02:54:09.681365, 320, 240, 3.0410, 0.0021, -0.0069, 0.0021, 0.3432, -9.0515, -0.0294
2025-03-05 02:54:09.748901, 320, 240, 3.0410, -0.0016, -0.0085, 0.0011, 0.3432, -9.0515, -0.0294
2025-03-05 02:54:09.782209, 320, 240, 3.1620, 0.0005, -0.0059, -0.0005, 0.3432, -9.0515, -0.0294
2025-03-05 02:54:09.849703, 320, 240, 3.0250, 0.0032, -0.0043, 0.0021, 0.3432, -9.0712, -0.0294
2025-03-05 02:54:09.881610, 320, 240, 3.1130, 0.0016, -0.0096, 0.0011, 0.3628, -9.0515, -0.0294
2025-03-05 02:54:09.948983, 320, 240, 3.1370, -0.0005, -0.0112, 0.0005, 0.3432, -9.0712, -0.0294
2025-03-05 02:54:09.982136, 320, 240, 3.0410, 0.0016, -0.0069, 0.0037, 0.3432, -9.0515, -0.0294
2025-03-05 02:54:10.049031, 320, 240, 3.0250, 0.0011, -0.0075, 0.0053, 0.3628, -9.0515, -0.0294
2025-03-05 02:54:10.082271, 320, 240, 3.1040, 0.0027, -0.0027, 0.0037, 0.3628, -9.0515, -0.0098
2025-03-05 02:54:10.147406, 320, 240, 3.0880, 0.0000, -0.0096, 0.0032, 0.3628, -9.0515, -0.0098
2025-03-05 02:54:10.181113, 320, 240, 3.1040, -0.0005, -0.0085, 0.0016, 0.3628, -9.0712, -0.0294
2025-03-05 02:54:10.249422, 320, 240, 3.0410, -0.0005, -0.0032, 0.0048, 0.3628, -9.0712, -0.0098
2025-03-05 02:54:10.282926, 320, 240, 3.1620, 0.0005, -0.0091, 0.0000, 0.3432, -9.0712, -0.0098
2025-03-05 02:54:10.349553, 320, 240, 3.0410, 0.0048, -0.0075, -0.0027, 0.3432, -9.0712, -0.0294
2025-03-05 02:54:10.382367, 320, 240, 3.1130, -0.0011, -0.0080, 0.0048, 0.3432, -9.0515, -0.0490
2025-03-05 02:54:10.449230, 320, 240, 3.1040, -0.0016, -0.0101, 0.0048, 0.3628, -9.0515, -0.0294
2025-03-05 02:54:10.482774, 320, 240, 3.1620, -0.0005, -0.0069, 0.0027, 0.3628, -9.0712, -0.0294
2025-03-05 02:54:10.549420, 320, 240, 3.0030, -0.0016, -0.0091, -0.0021, 0.3628, -9.0712, -0.0294
2025-03-05 02:54:10.582534, 320, 240, 3.1710, 0.0000, -0.0101, 0.0037, 0.3628, -9.0712, -0.0294
2025-03-05 02:54:10.649203, 320, 240, 3.2140, 0.0016, -0.0043, 0.0016, 0.3628, -9.0712, -0.0098
2025-03-05 02:54:10.682944, 320, 240, 3.1130, 0.0011, -0.0032, 0.0037, 0.3432, -9.0515, -0.0098
2025-03-05 02:54:10.749426, 320, 240, 2.9950, -0.0016, -0.0059, 0.0043, 0.3628, -9.0515, -0.0294
2025-03-05 02:54:10.783128, 320, 240, 3.1370, -0.0021, -0.0133, 0.0043, 0.3432, -9.0515, -0.0294
2025-03-05 02:54:10.849456, 320, 240, 3.1620, 0.0005, -0.0075, -0.0005, 0.3628, -9.0515, -0.0098
2025-03-05 02:54:10.881669, 320, 240, 3.0330, -0.0032, -0.0091, 0.0027, 0.3628, -9.0515, -0.0098
2025-03-05 02:54:10.949580, 320, 240, 3.0410, -0.0016, -0.0048, 0.0016, 0.3628, -9.0712, 0.0000
2025-03-05 02:54:10.982986, 320, 240, 3.0330, 0.0005, -0.0053, 0.0016, 0.3628, -9.0712, -0.0294
2025-03-05 02:54:11.049624, 320, 240, 3.1040, 0.0021, -0.0091, 0.0048, 0.3628, -9.0515, -0.0098
2025-03-05 02:54:11.083000, 320, 240, 3.1040, 0.0016, -0.0075, 0.0016, 0.3432, -9.0515, -0.0294
2025-03-05 02:54:11.148016, 320, 240, 3.1210, -0.0011, -0.0069, 0.0021, 0.3432, -9.0712, -0.0294
2025-03-05 02:54:11.182854, 320, 240, 3.1370, -0.0032, -0.0075, 0.0011, 0.3432, -9.0515, -0.0490
2025-03-05 02:54:11.249376, 320, 240, 3.0640, 0.0011, -0.0059, 0.0053, 0.3628, -9.0515, -0.0098
2025-03-05 02:54:11.283157, 320, 240, 3.0250, 0.0011, -0.0048, 0.0027, 0.3432, -9.0515, -0.0294
2025-03-05 02:54:11.349598, 320, 240, 3.0410, 0.0011, -0.0059, 0.0064, 0.3432, -9.0515, -0.0294
2025-03-05 02:54:11.383252, 320, 240, 3.0800, 0.0000, -0.0037, 0.0011, 0.3628, -9.0712, -0.0098
2025-03-05 02:54:11.449603, 320, 240, 3.1370, -0.0032, -0.0059, 0.0027, 0.3432, -9.0515, -0.0294
2025-03-05 02:54:11.483078, 320, 240, 3.0410, -0.0027, -0.0112, 0.0032, 0.3628, -9.0712, -0.0294
2025-03-05 02:54:11.549815, 320, 240, 3.0180, 0.0011, -0.0107, 0.0037, 0.3628, -9.0515, -0.0294
2025-03-05 02:54:11.583173, 320, 240, 3.0640, 0.0005, -0.0069, 0.0043, 0.3432, -9.0712, -0.0098
2025-03-05 02:54:11.650488, 320, 240, 3.1620, -0.0005, -0.0043, 0.0016, 0.3432, -9.0319, -0.0294
2025-03-05 02:54:11.683261, 320, 240, 3.0880, 0.0011, -0.0091, 0.0027, 0.3432, -9.0712, -0.0098
2025-03-05 02:54:11.749542, 320, 240, 3.0570, -0.0016, -0.0053, 0.0027, 0.3432, -9.0515, -0.0294
2025-03-05 02:54:11.783394, 320, 240, 3.0570, -0.0032, -0.0053, 0.0021, 0.3628, -9.0515, -0.0294
2025-03-05 02:54:11.850206, 320, 240, 3.1710, 0.0011, -0.0053, 0.0016, 0.3432, -9.0515, -0.0490
2025-03-05 02:54:11.883537, 320, 240, 3.1880, 0.0011, -0.0080, 0.0016, 0.3628, -9.0712, -0.0294
2025-03-05 02:54:11.949926, 320, 240, 3.1790, -0.0016, -0.0011, 0.0005, 0.3432, -9.0712, -0.0294
2025-03-05 02:54:11.983270, 320, 240, 3.0570, 0.0011, -0.0037, 0.0016, 0.3628, -9.0712, -0.0098
2025-03-05 02:54:12.050131, 320, 240, 3.1790, -0.0016, -0.0112, 0.0011, 0.3432, -9.0515, -0.0098
2025-03-05 02:54:12.083826, 320, 240, 3.1210, 0.0000, -0.0043, 0.0037, 0.3432, -9.0712, -0.0294
2025-03-05 02:54:12.148536, 320, 240, 3.1710, 0.0000, -0.0123, 0.0027, 0.3432, -9.0515, -0.0294
2025-03-05 02:54:12.183275, 320, 240, 3.0880, 0.0011, -0.0053, 0.0021, 0.3432, -9.0515, -0.0098
2025-03-05 02:54:12.249982, 320, 240, 3.0640, 0.0037, -0.0085, 0.0000, 0.3432, -9.0712, -0.0294
2025-03-05 02:54:12.283388, 320, 240, 3.0640, 0.0011, -0.0107, 0.0032, 0.3628, -9.0515, -0.0098
2025-03-05 02:54:12.350205, 320, 240, 3.0180, -0.0048, -0.0117, 0.0043, 0.3432, -9.0712, -0.0294
2025-03-05 02:54:12.383690, 320, 240, 3.1210, 0.0005, -0.0128, 0.0032, 0.3432, -9.0515, -0.0098
2025-03-05 02:54:12.450747, 320, 240, 3.1130, -0.0011, -0.0091, 0.0021, 0.3432, -9.0515, -0.0294
2025-03-05 02:54:12.483792, 320, 240, 3.0880, 0.0011, -0.0059, 0.0053, 0.3628, -9.0515, -0.0294
2025-03-05 02:54:12.550331, 320, 240, 3.1040, 0.0021, -0.0101, 0.0037, 0.3432, -9.0515, -0.0294
2025-03-05 02:54:12.583981, 320, 240, 3.0880, 0.0021, -0.0069, 0.0021, 0.3628, -9.0712, -0.0098
2025-03-05 02:54:12.650519, 320, 240, 3.0640, -0.0043, -0.0048, 0.0027, 0.3432, -9.0712, -0.0098
2025-03-05 02:54:12.683697, 320, 240, 3.1210, -0.0021, -0.0059, 0.0032, 0.3432, -9.0712, -0.0294
2025-03-05 02:54:12.750514, 320, 240, 3.0880, 0.0021, -0.0027, 0.0011, 0.3628, -9.0515, -0.0294
2025-03-05 02:54:12.783767, 320, 240, 3.0410, -0.0053, -0.0064, 0.0059, 0.3628, -9.0515, -0.0294
2025-03-05 02:54:12.851136, 320, 240, 3.1370, 0.0005, -0.0075, 0.0016, 0.3432, -9.0515, -0.0490
2025-03-05 02:54:12.883906, 320, 240, 3.1620, 0.0027, -0.0096, 0.0005, 0.3432, -9.0515, -0.0098
2025-03-05 02:54:12.950443, 320, 240, 3.1040, 0.0021, -0.0064, 0.0032, 0.3432, -9.0515, -0.0294
2025-03-05 02:54:12.984016, 320, 240, 3.1040, -0.0011, -0.0059, -0.0005, 0.3432, -9.0712, -0.0294
2025-03-05 02:54:13.050737, 320, 240, 3.1450, 0.0005, -0.0064, 0.0011, 0.3432, -9.0515, -0.0294
2025-03-05 02:54:13.084221, 320, 240, 3.1710, 0.0037, -0.0059, -0.0005, 0.3432, -9.0712, -0.0294
2025-03-05 02:54:13.149518, 320, 240, 3.0640, -0.0005, -0.0053, 0.0021, 0.3432, -9.0515, -0.0294
2025-03-05 02:54:13.184289, 320, 240, 3.0880, -0.0016, -0.0085, 0.0053, 0.3432, -9.0515, -0.0294
2025-03-05 02:54:13.250866, 320, 240, 3.1370, -0.0005, -0.0069, 0.0059, 0.3628, -9.0712, -0.0294
2025-03-05 02:54:13.284316, 320, 240, 3.0330, -0.0027, -0.0075, 0.0037, 0.3432, -9.0515, -0.0294
2025-03-05 02:54:13.349850, 320, 240, 3.1960, 0.0005, -0.0080, 0.0011, 0.3628, -9.0712, -0.0294
2025-03-05 02:54:13.382757, 320, 240, 3.0800, 0.0011, -0.0069, 0.0069, 0.3628, -9.0515, -0.0098
2025-03-05 02:54:13.451070, 320, 240, 3.0800, 0.0043, -0.0069, 0.0016, 0.3628, -9.0515, -0.0294
2025-03-05 02:54:13.484131, 320, 240, 3.0640, 0.0021, -0.0016, 0.0048, 0.3628, -9.0712, -0.0294
2025-03-05 02:54:13.550555, 320, 240, 3.0250, -0.0021, -0.0091, -0.0011, 0.3628, -9.0515, -0.0098
2025-03-05 02:54:13.584269, 320, 240, 3.0800, -0.0016, -0.0101, 0.0032, 0.3432, -9.0515, -0.0294
2025-03-05 02:54:13.650813, 320, 240, 3.1210, -0.0005, -0.0043, 0.0016, 0.3432, -9.0515, -0.0098
2025-03-05 02:54:13.684326, 320, 240, 3.0180, 0.0016, -0.0048, 0.0037, 0.3628, -9.0712, -0.0098
2025-03-05 02:54:13.750019, 320, 240, 3.0880, 0.0011, -0.0085, 0.0032, 0.3432, -9.0712, -0.0294
2025-03-05 02:54:13.783183, 320, 240, 3.0570, -0.0027, -0.0059, 0.0048, 0.3432, -9.0515, -0.0490
2025-03-05 02:54:13.851063, 320, 240, 3.0800, 0.0027, -0.0080, -0.0005, 0.3628, -9.0515, -0.0294
2025-03-05 02:54:13.884455, 320, 240, 3.1450, -0.0021, -0.0053, 0.0064, 0.3432, -9.0515, -0.0098
2025-03-05 02:54:13.951333, 320, 240, 3.0410, 0.0000, -0.0112, 0.0027, 0.3628, -9.0515, -0.0294
2025-03-05 02:54:13.984486, 320, 240, 3.0640, 0.0032, -0.0107, -0.0016, 0.3432, -9.0712, -0.0098
2025-03-05 02:54:14.050928, 320, 240, 3.0250, 0.0016, -0.0053, 0.0000, 0.3628, -9.0712, -0.0294
2025-03-05 02:54:14.084506, 320, 240, 3.1040, 0.0005, -0.0101, 0.0021, 0.3432, -9.0712, -0.0294
2025-03-05 02:54:14.149622, 320, 240, 3.1130, -0.0011, -0.0069, 0.0011, 0.3628, -9.0515, -0.0098
2025-03-05 02:54:14.184144, 320, 240, 3.0880, -0.0016, -0.0059, 0.0016, 0.3432, -9.0515, -0.0098
2025-03-05 02:54:14.251273, 320, 240, 3.1040, -0.0021, -0.0096, 0.0021, 0.3432, -9.0712, -0.0294
2025-03-05 02:54:14.284736, 320, 240, 3.1370, 0.0005, -0.0123, 0.0027, 0.3432, -9.0515, -0.0098
2025-03-05 02:54:14.351341, 320, 240, 3.0800, 0.0021, -0.0069, -0.0021, 0.3628, -9.0515, -0.0294
2025-03-05 02:54:14.384720, 320, 240, 3.1210, 0.0011, -0.0096, -0.0016, 0.3432, -9.0515, -0.0294
2025-03-05 02:54:14.451414, 320, 240, 3.0880, -0.0011, -0.0059, 0.0037, 0.3432, -9.0712, -0.0294
2025-03-05 02:54:14.484829, 320, 240, 3.1130, 0.0005, -0.0043, 0.0048, 0.3628, -9.0515, -0.0098
2025-03-05 02:54:14.551256, 320, 240, 3.0880, -0.0005, -0.0085, 0.0048, 0.3628, -9.0515, -0.0294
2025-03-05 02:54:14.584748, 320, 240, 3.1210, -0.0059, -0.0112, 0.0005, 0.3628, -9.0515, -0.0294
2025-03-05 02:54:14.651581, 320, 240, 3.1790, 0.0016, -0.0064, 0.0016, 0.3432, -9.0515, -0.0294
2025-03-05 02:54:14.684943, 320, 240, 3.0800, -0.0021, -0.0037, 0.0048, 0.3432, -9.0515, -0.0294
2025-03-05 02:54:14.751265, 320, 240, 3.1370, 0.0027, -0.0075, 0.0021, 0.3628, -9.0515, -0.0294
2025-03-05 02:54:14.784927, 320, 240, 3.0800, 0.0037, -0.0043, 0.0037, 0.3628, -9.0515, -0.0098
2025-03-05 02:54:14.851603, 320, 240, 3.0880, -0.0005, -0.0080, 0.0032, 0.3432, -9.0515, -0.0098
2025-03-05 02:54:14.884937, 320, 240, 3.0330, -0.0032, -0.0117, 0.0027, 0.3432, -9.0515, -0.0294
2025-03-05 02:54:14.951421, 320, 240, 3.1130, -0.0021, -0.0059, 0.0011, 0.3432, -9.0712, -0.0294
2025-03-05 02:54:14.985020, 320, 240, 3.0250, 0.0005, -0.0037, 0.0043, 0.3628, -9.0712, -0.0098
2025-03-05 02:54:15.051776, 320, 240, 3.0800, 0.0005, -0.0085, -0.0027, 0.3432, -9.0712, -0.0294
2025-03-05 02:54:15.085333, 320, 240, 3.0640, -0.0032, -0.0080, 0.0021, 0.3628, -9.0515, -0.0490
2025-03-05 02:54:15.150335, 320, 240, 3.0800, 0.0000, -0.0021, 0.0037, 0.3432, -9.0515, -0.0490
2025-03-05 02:54:15.183972, 320, 240, 3.1620, -0.0011, -0.0101, 0.0000, 0.3432, -9.0515, -0.0294
2025-03-05 02:54:15.251978, 320, 240, 3.1790, 0.0021, -0.0101, 0.0048, 0.3628, -9.0515, -0.0490
2025-03-05 02:54:15.285924, 320, 240, 3.0100, 0.0021, -0.0101, 0.0011, 0.3432, -9.0515, -0.0098
2025-03-05 02:54:15.352498, 320, 240, 3.0800, 0.0021, -0.0080, -0.0016, 0.3432, -9.0515, -0.0294
2025-03-05 02:54:15.385706, 320, 240, 3.1880, 0.0016, -0.0085, 0.0011, 0.3628, -9.0712, -0.0294
2025-03-05 02:54:15.452028, 320, 240, 3.1210, -0.0027, -0.0048, 0.0053, 0.3432, -9.0712, -0.0490
2025-03-05 02:54:15.485757, 320, 240, 3.1620, -0.0016, -0.0037, 0.0021, 0.3628, -9.0515, -0.0098
2025-03-05 02:54:15.551769, 320, 240, 3.0880, 0.0011, -0.0069, 0.0043, 0.3432, -9.0515, -0.0294
2025-03-05 02:54:15.585356, 320, 240, 3.1040, -0.0016, -0.0032, 0.0032, 0.3628, -9.0515, -0.0098
2025-03-05 02:54:15.652019, 320, 240, 2.9950, -0.0005, -0.0059, 0.0005, 0.3432, -9.0515, -0.0294
2025-03-05 02:54:15.685425, 320, 240, 3.0800, 0.0011, -0.0085, 0.0005, 0.3628, -9.0515, -0.0294
2025-03-05 02:54:15.751959, 320, 240, 3.1040, -0.0021, -0.0075, 0.0027, 0.3432, -9.0515, -0.0294
2025-03-05 02:54:15.784826, 320, 240, 3.0880, 0.0005, -0.0064, 0.0011, 0.3628, -9.0515, -0.0098
2025-03-05 02:54:15.852203, 320, 240, 3.0800, -0.0011, -0.0085, 0.0037, 0.3628, -9.0515, -0.0098
2025-03-05 02:54:15.884188, 320, 240, 3.1040, -0.0005, -0.0112, 0.0021, 0.3432, -9.0515, -0.0294
2025-03-05 02:54:15.952170, 320, 240, 3.1130, 0.0011, -0.0096, 0.0069, 0.3432, -9.0515, -0.0098
2025-03-05 02:54:15.985648, 320, 240, 3.1040, 0.0016, -0.0059, -0.0005, 0.3628, -9.0515, -0.0294
2025-03-05 02:54:16.052085, 320, 240, 3.0800, -0.0027, -0.0101, 0.0011, 0.3628, -9.0712, -0.0294
2025-03-05 02:54:16.085735, 320, 240, 3.0570, -0.0021, -0.0080, 0.0027, 0.3628, -9.0319, -0.0098
2025-03-05 02:54:16.150651, 320, 240, 3.0410, -0.0037, -0.0080, 0.0032, 0.3628, -9.0515, -0.0098
