2025-03-05 02:43:31.230205, 320, 240, 4.7370, 0.0011, -0.0091, 0.0037, 0.3628, -9.0515, -0.0883
2025-03-05 02:43:31.262302, 320, 240, 4.6090, 0.0032, -0.0075, 0.0005, 0.3628, -9.0712, 0.0000
2025-03-05 02:43:31.330189, 320, 240, 4.9130, -0.0016, -0.0064, 0.0048, 0.3628, -9.0712, 0.0294
2025-03-05 02:43:31.363005, 320, 240, 4.7000, 0.0005, -0.0064, 0.0021, 0.3628, -9.0712, -0.0686
2025-03-05 02:43:31.430699, 320, 240, 4.8140, 0.0021, -0.0091, 0.0011, 0.3432, -9.0515, -0.0883
2025-03-05 02:43:31.463803, 320, 240, 4.9130, 0.0043, -0.0112, 0.0011, 0.3432, -9.0515, 0.0098
2025-03-05 02:43:31.530692, 320, 240, 4.6810, -0.0027, -0.0043, 0.0032, 0.3628, -9.0515, 0.0098
2025-03-05 02:43:31.563977, 320, 240, 4.8730, -0.0037, -0.0032, -0.0016, 0.3628, -9.0515, -0.0294
2025-03-05 02:43:31.630471, 320, 240, 4.7940, 0.0021, -0.0075, 0.0000, 0.3432, -9.0712, -0.0883
2025-03-05 02:43:31.663730, 320, 240, 4.6810, 0.0000, -0.0048, 0.0059, 0.3432, -9.0712, 0.0490
2025-03-05 02:43:31.730598, 320, 240, 4.6260, -0.0027, -0.0075, -0.0021, 0.3432, -9.0712, 0.0000
2025-03-05 02:43:31.763217, 320, 240, 4.9130, -0.0027, -0.0085, 0.0000, 0.3432, -9.0515, -0.0490
2025-03-05 02:43:31.829110, 320, 240, 4.8140, 0.0027, -0.0085, 0.0021, 0.3432, -9.0515, -0.0883
2025-03-05 02:43:31.862574, 320, 240, 4.8730, 0.0037, -0.0096, 0.0016, 0.3628, -9.0712, 0.0000
2025-03-05 02:43:31.930602, 320, 240, 4.8930, -0.0021, -0.0064, 0.0053, 0.3432, -9.0712, 0.0098
2025-03-05 02:43:31.964287, 320, 240, 4.6630, -0.0048, -0.0112, -0.0005, 0.3432, -9.0712, -0.0490
2025-03-05 02:43:32.029281, 320, 240, 4.8530, 0.0027, -0.0064, 0.0005, 0.3432, -9.0515, -0.0294
2025-03-05 02:43:32.097259, 320, 240, 4.8930, -0.0016, -0.0021, 0.0048, 0.3432, -9.0515, 0.0294
2025-03-05 02:43:32.130921, 320, 240, 4.8330, -0.0053, -0.0053, 0.0016, 0.3628, -9.0515, 0.0000
2025-03-05 02:43:32.197336, 320, 240, 4.5730, -0.0005, -0.0069, 0.0059, 0.3628, -9.0712, -0.0883
2025-03-05 02:43:32.231004, 320, 240, 4.6630, 0.0053, -0.0064, 0.0032, 0.3432, -9.0515, -0.0686
2025-03-05 02:43:32.297312, 320, 240, 4.9340, 0.0005, -0.0080, 0.0005, 0.3628, -9.0712, 0.0294
2025-03-05 02:43:32.331203, 320, 240, 4.8930, -0.0021, -0.0059, 0.0000, 0.3825, -9.0515, -0.0294
2025-03-05 02:43:32.397890, 320, 240, 4.8530, 0.0021, -0.0069, 0.0053, 0.3432, -9.0515, -0.0686
2025-03-05 02:43:32.430692, 320, 240, 4.7370, 0.0053, -0.0048, -0.0005, 0.3432, -9.0515, -0.0294
2025-03-05 02:43:32.497644, 320, 240, 4.7560, -0.0043, -0.0059, -0.0011, 0.3628, -9.0712, 0.0294
2025-03-05 02:43:32.531110, 320, 240, 4.9750, -0.0048, -0.0085, 0.0048, 0.3432, -9.0515, 0.0000
2025-03-05 02:43:32.597063, 320, 240, 4.5730, 0.0032, -0.0053, -0.0005, 0.3628, -9.0515, -0.0883
2025-03-05 02:43:32.631008, 320, 240, 4.7000, 0.0037, -0.0096, 0.0027, 0.3432, -9.0515, -0.0686
2025-03-05 02:43:32.697564, 320, 240, 4.7370, -0.0027, -0.0059, 0.0053, 0.3432, -9.0712, 0.0294
2025-03-05 02:43:32.731095, 320, 240, 4.7000, -0.0005, -0.0107, 0.0016, 0.3628, -9.0515, -0.0098
2025-03-05 02:43:32.797713, 320, 240, 4.9130, 0.0021, -0.0101, 0.0027, 0.3628, -9.0515, -0.0883
2025-03-05 02:43:32.830940, 320, 240, 4.8730, 0.0000, -0.0016, 0.0027, 0.3628, -9.0712, -0.0490
2025-03-05 02:43:32.897784, 320, 240, 4.7370, -0.0027, -0.0069, 0.0053, 0.3628, -9.0515, 0.0098
2025-03-05 02:43:32.931121, 320, 240, 4.8730, -0.0043, -0.0085, 0.0011, 0.3432, -9.0515, 0.0098
2025-03-05 02:43:32.997061, 320, 240, 4.8140, 0.0021, -0.0075, 0.0032, 0.3628, -9.0712, -0.0883
2025-03-05 02:43:33.030073, 320, 240, 4.9130, 0.0000, -0.0096, 0.0005, 0.3628, -9.0515, -0.0294
2025-03-05 02:43:33.097750, 320, 240, 4.5210, -0.0032, -0.0032, 0.0048, 0.3628, -9.0712, 0.0294
2025-03-05 02:43:33.131372, 320, 240, 4.7000, -0.0021, -0.0037, 0.0016, 0.3628, -9.0712, -0.0098
2025-03-05 02:43:33.197975, 320, 240, 4.6630, 0.0011, -0.0123, 0.0016, 0.3628, -9.0712, -0.0883
2025-03-05 02:43:33.231251, 320, 240, 4.9130, 0.0027, -0.0032, 0.0032, 0.3628, -9.0712, -0.0686
2025-03-05 02:43:33.296385, 320, 240, 4.7940, 0.0016, -0.0069, 0.0011, 0.3628, -9.0712, 0.0294
2025-03-05 02:43:33.330487, 320, 240, 4.7940, -0.0005, -0.0085, 0.0005, 0.3628, -9.0712, -0.0294
2025-03-05 02:43:33.397994, 320, 240, 4.7940, 0.0016, 0.0000, 0.0032, 0.3432, -9.0515, -0.0883
2025-03-05 02:43:33.431064, 320, 240, 4.8330, 0.0053, -0.0096, 0.0021, 0.3628, -9.0712, -0.0294
2025-03-05 02:43:33.497798, 320, 240, 4.7370, -0.0005, -0.0053, 0.0005, 0.3432, -9.0515, 0.0098
2025-03-05 02:43:33.531363, 320, 240, 4.9130, -0.0011, -0.0075, 0.0043, 0.3628, -9.0712, -0.0098
2025-03-05 02:43:40.400198, 320, 240, 4.8930, -0.0027, -0.0085, 0.0016, 0.3432, -9.0515, -0.0098
2025-03-05 02:43:40.432080, 320, 240, 4.9340, -0.0005, -0.0101, 0.0037, 0.3628, -9.0515, -0.0098
2025-03-05 02:43:40.500194, 320, 240, 4.8140, 0.0011, -0.0069, 0.0032, 0.3628, -9.0712, -0.0490
2025-03-05 02:43:40.566553, 320, 240, 4.6810, 0.0005, -0.0069, 0.0032, 0.3628, -9.0712, -0.0098
2025-03-05 02:43:40.600344, 320, 240, 4.8140, 0.0011, -0.0075, -0.0016, 0.3628, -9.0515, -0.0098
2025-03-05 02:43:40.666802, 320, 240, 4.9340, -0.0027, -0.0064, 0.0043, 0.3628, -9.0515, -0.0294
2025-03-05 02:43:40.700389, 320, 240, 4.7940, 0.0000, -0.0096, 0.0021, 0.3628, -9.0515, -0.0490
2025-03-05 02:43:40.767063, 320, 240, 4.7560, -0.0059, -0.0048, 0.0016, 0.3628, -9.0515, -0.0490
2025-03-05 02:43:40.800520, 320, 240, 4.4530, 0.0000, -0.0075, 0.0069, 0.3628, -9.0712, 0.0000
2025-03-05 02:43:40.867206, 320, 240, 4.7940, 0.0037, -0.0112, 0.0027, 0.3628, -9.0712, -0.0294
2025-03-05 02:43:40.899449, 320, 240, 4.8530, -0.0016, -0.0064, 0.0032, 0.3432, -9.0515, -0.0490
2025-03-05 02:43:40.967589, 320, 240, 4.5210, -0.0032, -0.0138, 0.0037, 0.3628, -9.0712, -0.0098
2025-03-05 02:43:41.032131, 320, 240, 4.9750, -0.0016, -0.0075, 0.0027, 0.3628, -9.0515, -0.0098
2025-03-05 02:43:41.067625, 320, 240, 4.8330, 0.0005, -0.0032, 0.0000, 0.3628, -9.0712, -0.0490
2025-03-05 02:43:41.133847, 320, 240, 4.8930, -0.0027, -0.0075, 0.0048, 0.3628, -9.0515, -0.0294
2025-03-05 02:43:41.200013, 320, 240, 4.9130, 0.0000, -0.0112, 0.0048, 0.3628, -9.0712, -0.0098
2025-03-05 02:43:41.233979, 320, 240, 4.9130, -0.0048, -0.0096, 0.0048, 0.3432, -9.0515, -0.0098
2025-03-05 02:43:41.300550, 320, 240, 4.6260, -0.0037, -0.0075, 0.0027, 0.3628, -9.0515, -0.0686
2025-03-05 02:43:41.366864, 320, 240, 4.7940, 0.0032, -0.0059, -0.0016, 0.3628, -9.0515, -0.0098
2025-03-05 02:43:41.400449, 320, 240, 4.6260, -0.0016, -0.0037, 0.0005, 0.3628, -9.0515, 0.0000
2025-03-05 02:43:41.467709, 320, 240, 4.6630, -0.0005, -0.0053, 0.0043, 0.3628, -9.0712, -0.0490
2025-03-05 02:43:41.500436, 320, 240, 4.7560, -0.0005, -0.0053, 0.0032, 0.3628, -9.0712, -0.0490
2025-03-05 02:43:41.567480, 320, 240, 4.6260, 0.0000, -0.0080, 0.0005, 0.3628, -9.0712, 0.0000
2025-03-05 02:43:41.600444, 320, 240, 4.9130, 0.0005, -0.0091, 0.0011, 0.3432, -9.0515, -0.0098
2025-03-05 02:43:41.667782, 320, 240, 4.8530, 0.0027, -0.0075, 0.0016, 0.3628, -9.0712, -0.0294
2025-03-05 02:43:41.733635, 320, 240, 4.6260, 0.0016, -0.0005, 0.0016, 0.3628, -9.0712, -0.0490
2025-03-05 02:43:41.768028, 320, 240, 4.5560, 0.0011, -0.0085, -0.0005, 0.3628, -9.0712, -0.0098
2025-03-05 02:43:41.833877, 320, 240, 4.6260, 0.0000, -0.0075, 0.0037, 0.3432, -9.0515, -0.0294
2025-03-05 02:43:41.900547, 320, 240, 4.8530, 0.0048, -0.0032, -0.0005, 0.3432, -9.0712, -0.0686
2025-03-05 02:43:41.934302, 320, 240, 4.9340, -0.0005, -0.0069, 0.0016, 0.3628, -9.0712, -0.0294
2025-03-05 02:43:42.000365, 320, 240, 4.8730, -0.0011, -0.0075, 0.0016, 0.3628, -9.0712, -0.0098
2025-03-05 02:43:42.066995, 320, 240, 4.7370, 0.0000, -0.0053, 0.0037, 0.3628, -9.0712, -0.0294
2025-03-05 02:43:42.100951, 320, 240, 4.8140, -0.0005, -0.0048, 0.0037, 0.3628, -9.0515, -0.0490
2025-03-05 02:43:42.167279, 320, 240, 4.8730, 0.0021, -0.0085, 0.0032, 0.3628, -9.0515, -0.0098
2025-03-05 02:43:42.234182, 320, 240, 4.6630, 0.0000, -0.0107, -0.0011, 0.3628, -9.0515, -0.0294
2025-03-05 02:43:42.267947, 320, 240, 4.8140, -0.0005, -0.0080, 0.0021, 0.3628, -9.0515, -0.0490
2025-03-05 02:43:42.334845, 320, 240, 4.8330, 0.0000, -0.0085, 0.0032, 0.3432, -9.0712, -0.0098
2025-03-05 02:43:42.400231, 320, 240, 4.9960, -0.0005, -0.0059, 0.0027, 0.3628, -9.0515, -0.0294
2025-03-05 02:43:42.432694, 320, 240, 4.6630, 0.0000, -0.0101, 0.0053, 0.3628, -9.0515, -0.0294
2025-03-05 02:43:42.500810, 320, 240, 4.4870, -0.0016, -0.0064, 0.0043, 0.3432, -9.0515, -0.0294
2025-03-05 02:43:42.534482, 320, 240, 5.1030, 0.0043, -0.0027, 0.0005, 0.3628, -9.0712, -0.0294
2025-03-05 02:43:42.600962, 320, 240, 4.7940, -0.0011, -0.0096, 0.0016, 0.3432, -9.0515, -0.0490
2025-03-05 02:43:42.634435, 320, 240, 4.8140, -0.0037, -0.0048, 0.0016, 0.3628, -9.0515, -0.0098
2025-03-05 02:43:42.700792, 320, 240, 4.8140, 0.0027, -0.0021, 0.0027, 0.3432, -9.0515, -0.0294
2025-03-05 02:43:42.767025, 320, 240, 4.9130, -0.0011, -0.0064, 0.0027, 0.3432, -9.0515, -0.0098
2025-03-05 02:43:42.801091, 320, 240, 4.8530, -0.0021, -0.0133, -0.0011, 0.3628, -9.0515, -0.0294
2025-03-05 02:43:42.867423, 320, 240, 4.9340, -0.0011, -0.0064, 0.0037, 0.3628, -9.0515, -0.0490
2025-03-05 02:43:42.934512, 320, 240, 4.8930, 0.0000, -0.0032, 0.0016, 0.3628, -9.0515, -0.0294
2025-03-05 02:43:42.967855, 320, 240, 4.8140, -0.0027, -0.0069, 0.0053, 0.3825, -9.0515, -0.0098
2025-03-05 02:43:43.032752, 320, 240, 4.8330, -0.0011, -0.0064, 0.0027, 0.3628, -9.0712, -0.0294
2025-03-05 02:43:43.100750, 320, 240, 4.7560, 0.0027, -0.0107, 0.0027, 0.3628, -9.0712, -0.0490
2025-03-05 02:43:43.134364, 320, 240, 4.7940, 0.0011, -0.0091, -0.0005, 0.3628, -9.0712, 0.0000
2025-03-05 02:43:43.200820, 320, 240, 4.7000, 0.0011, -0.0091, 0.0005, 0.3432, -9.0515, -0.0098
2025-03-05 02:43:43.234558, 320, 240, 4.8730, 0.0016, -0.0069, 0.0048, 0.3628, -9.0515, -0.0294
2025-03-05 02:43:43.301100, 320, 240, 4.8730, -0.0005, -0.0085, 0.0069, 0.3432, -9.0515, -0.0294
2025-03-05 02:43:43.334492, 320, 240, 5.0170, 0.0016, -0.0048, 0.0005, 0.3628, -9.0515, -0.0098
2025-03-05 02:43:43.401478, 320, 240, 4.9130, -0.0064, -0.0080, 0.0043, 0.3628, -9.0712, -0.0294
2025-03-05 02:43:43.468012, 320, 240, 4.9130, 0.0011, -0.0011, 0.0053, 0.3628, -9.0515, -0.0490
2025-03-05 02:43:43.501586, 320, 240, 4.8330, 0.0005, -0.0027, 0.0027, 0.3628, -9.0515, -0.0294
2025-03-05 02:43:43.567889, 320, 240, 4.8140, 0.0005, -0.0064, 0.0021, 0.3432, -9.0515, -0.0098
2025-03-05 02:43:43.600785, 320, 240, 4.8140, -0.0016, -0.0101, 0.0011, 0.3628, -9.0515, -0.0098
2025-03-05 02:43:43.667909, 320, 240, 4.7370, 0.0064, -0.0059, -0.0011, 0.3628, -9.0515, -0.0490
2025-03-05 02:43:43.701447, 320, 240, 4.8730, 0.0032, -0.0032, -0.0011, 0.3432, -9.0515, -0.0294
2025-03-05 02:43:43.767921, 320, 240, 4.7000, 0.0005, -0.0075, 0.0037, 0.3628, -9.0515, -0.0294
2025-03-05 02:43:43.801321, 320, 240, 4.9130, 0.0011, -0.0069, 0.0027, 0.3628, -9.0712, -0.0294
2025-03-05 02:43:43.867955, 320, 240, 4.8930, 0.0005, -0.0048, 0.0000, 0.3628, -9.0712, -0.0294
2025-03-05 02:43:43.901502, 320, 240, 4.6810, 0.0005, -0.0091, 0.0048, 0.3432, -9.0712, -0.0490
2025-03-05 02:43:43.968135, 320, 240, 4.9130, 0.0000, -0.0085, 0.0021, 0.3432, -9.0712, -0.0098
2025-03-05 02:43:44.001446, 320, 240, 4.4870, 0.0000, -0.0053, 0.0053, 0.3628, -9.0712, -0.0294
2025-03-05 02:43:44.067881, 320, 240, 4.7560, -0.0016, -0.0107, 0.0021, 0.3628, -9.0712, -0.0490
2025-03-05 02:43:44.101550, 320, 240, 4.9130, 0.0021, -0.0080, 0.0021, 0.3628, -9.0515, -0.0294
2025-03-05 02:43:44.168269, 320, 240, 4.8930, 0.0000, -0.0107, 0.0043, 0.3628, -9.0712, -0.0098
2025-03-05 02:43:44.233325, 320, 240, 4.8330, 0.0027, -0.0011, 0.0059, 0.3628, -9.0712, -0.0490
2025-03-05 02:43:44.267767, 320, 240, 4.6810, -0.0016, -0.0128, 0.0011, 0.3628, -9.0712, -0.0490
2025-03-05 02:43:44.334571, 320, 240, 4.8140, -0.0016, -0.0075, 0.0011, 0.3432, -9.0515, -0.0294
2025-03-05 02:43:44.368201, 320, 240, 4.6630, 0.0016, -0.0021, 0.0091, 0.3432, -9.0515, -0.0098
2025-03-05 02:43:44.434120, 320, 240, 4.8730, 0.0011, -0.0059, 0.0016, 0.3628, -9.0515, -0.0490
2025-03-05 02:43:44.467329, 320, 240, 4.9340, 0.0016, -0.0059, 0.0080, 0.3628, -9.0515, -0.0490
2025-03-05 02:43:44.534345, 320, 240, 4.8140, -0.0027, -0.0069, 0.0032, 0.3628, -9.0515, -0.0098
2025-03-05 02:43:44.568708, 320, 240, 4.8930, -0.0027, -0.0101, 0.0011, 0.3628, -9.0712, -0.0294
2025-03-05 02:43:44.634773, 320, 240, 4.9130, -0.0027, -0.0048, 0.0027, 0.3628, -9.0515, -0.0294
2025-03-05 02:43:44.668720, 320, 240, 4.9340, 0.0053, -0.0027, 0.0000, 0.3432, -9.0515, -0.0294
2025-03-05 02:43:44.735655, 320, 240, 4.8330, -0.0011, -0.0048, 0.0000, 0.3628, -9.0515, -0.0098
2025-03-05 02:43:44.768573, 320, 240, 4.8930, -0.0016, -0.0037, 0.0032, 0.3628, -9.0515, -0.0294
2025-03-05 02:43:44.834976, 320, 240, 4.6260, -0.0021, -0.0101, 0.0101, 0.3628, -9.0515, -0.0490
2025-03-05 02:43:44.868232, 320, 240, 4.6810, 0.0000, -0.0080, 0.0016, 0.3628, -9.0515, -0.0490
2025-03-05 02:43:44.934949, 320, 240, 4.7560, -0.0021, -0.0112, 0.0037, 0.3432, -9.0515, -0.0098
2025-03-05 02:43:44.968579, 320, 240, 4.8140, -0.0016, -0.0053, 0.0000, 0.3628, -9.0515, -0.0098
2025-03-05 02:43:45.033723, 320, 240, 4.9340, 0.0005, -0.0064, 0.0032, 0.3628, -9.0515, -0.0490
2025-03-05 02:43:45.067079, 320, 240, 4.8930, -0.0021, -0.0075, 0.0064, 0.3628, -9.0712, -0.0294
2025-03-05 02:43:45.135047, 320, 240, 4.7370, 0.0011, -0.0043, 0.0011, 0.3432, -9.0712, -0.0098
2025-03-05 02:43:45.168478, 320, 240, 4.8730, 0.0000, -0.0080, 0.0021, 0.3628, -9.0712, -0.0098
2025-03-05 02:43:45.235126, 320, 240, 4.6630, -0.0027, -0.0091, 0.0053, 0.3432, -9.0712, -0.0490
2025-03-05 02:43:45.268428, 320, 240, 4.5730, 0.0016, -0.0069, 0.0027, 0.3628, -9.0515, -0.0490
2025-03-05 02:43:45.335064, 320, 240, 4.5730, 0.0005, -0.0112, 0.0027, 0.3628, -9.0515, -0.0098
2025-03-05 02:43:45.368676, 320, 240, 4.9340, -0.0032, -0.0123, 0.0011, 0.3628, -9.0319, -0.0098
2025-03-05 02:43:45.434262, 320, 240, 4.7370, -0.0005, -0.0048, -0.0011, 0.3628, -9.0515, -0.0490
2025-03-05 02:43:45.467571, 320, 240, 4.8730, -0.0005, -0.0043, 0.0027, 0.3628, -9.0712, -0.0490
2025-03-05 02:43:45.535226, 320, 240, 4.9340, 0.0011, -0.0053, 0.0000, 0.3628, -9.0515, -0.0294
2025-03-05 02:43:45.568714, 320, 240, 4.9540, -0.0011, -0.0048, 0.0053, 0.3628, -9.0712, -0.0294
2025-03-05 02:43:45.635077, 320, 240, 4.7560, -0.0005, -0.0101, 0.0027, 0.3628, -9.0515, -0.0294
2025-03-05 02:43:45.668739, 320, 240, 4.6810, -0.0021, -0.0096, 0.0027, 0.3628, -9.0712, -0.0294
2025-03-05 02:43:45.735318, 320, 240, 4.8330, -0.0027, -0.0037, 0.0005, 0.3628, -9.0712, -0.0490
2025-03-05 02:43:45.768531, 320, 240, 4.9340, -0.0011, -0.0101, 0.0000, 0.3628, -9.0712, -0.0294
2025-03-05 02:43:45.835602, 320, 240, 4.9130, 0.0032, -0.0043, 0.0005, 0.3628, -9.0515, -0.0294
2025-03-05 02:43:45.868725, 320, 240, 4.7000, -0.0032, -0.0096, 0.0027, 0.3628, -9.0712, -0.0294
2025-03-05 02:43:45.935444, 320, 240, 4.8140, 0.0016, -0.0069, 0.0027, 0.3432, -9.0712, 0.0000
2025-03-05 02:43:45.968752, 320, 240, 4.6090, -0.0011, -0.0112, 0.0016, 0.3628, -9.0712, -0.0490
2025-03-05 02:43:46.033921, 320, 240, 4.8730, -0.0027, -0.0080, 0.0027, 0.3628, -9.0515, -0.0490
2025-03-05 02:43:46.068408, 320, 240, 4.9340, 0.0021, -0.0027, 0.0027, 0.3628, -9.0712, -0.0294
2025-03-05 02:43:46.135317, 320, 240, 4.7370, 0.0037, -0.0037, 0.0016, 0.3628, -9.0515, -0.0294
2025-03-05 02:43:46.168795, 320, 240, 4.7560, -0.0005, -0.0064, 0.0027, 0.3628, -9.0712, -0.0294
2025-03-05 02:43:46.235438, 320, 240, 4.6090, -0.0032, -0.0059, 0.0037, 0.3432, -9.0515, -0.0490
2025-03-05 02:43:46.268034, 320, 240, 4.7940, 0.0000, -0.0080, 0.0016, 0.3628, -9.0515, -0.0490
2025-03-05 02:43:46.335521, 320, 240, 4.9130, -0.0027, -0.0096, 0.0048, 0.3628, -9.0712, -0.0098
2025-03-05 02:43:46.368957, 320, 240, 4.6810, 0.0027, 0.0000, -0.0005, 0.3628, -9.0515, -0.0294
2025-03-05 02:43:46.435033, 320, 240, 4.7940, 0.0021, -0.0011, 0.0032, 0.3432, -9.0515, -0.0490
2025-03-05 02:43:46.468302, 320, 240, 4.7000, 0.0027, -0.0059, -0.0016, 0.3628, -9.0515, -0.0294
2025-03-05 02:43:46.535724, 320, 240, 4.6260, 0.0016, -0.0048, -0.0011, 0.3825, -9.0515, -0.0098
2025-03-05 02:43:46.569046, 320, 240, 4.8530, 0.0000, -0.0075, 0.0005, 0.3432, -9.0712, -0.0098
2025-03-05 02:43:46.635501, 320, 240, 4.7000, -0.0027, -0.0064, -0.0011, 0.3628, -9.0712, -0.0294
2025-03-05 02:43:46.669158, 320, 240, 4.8730, 0.0016, -0.0075, 0.0005, 0.3825, -9.0712, -0.0098
2025-03-05 02:43:46.735594, 320, 240, 4.7940, -0.0021, -0.0091, 0.0021, 0.3628, -9.0712, -0.0294
2025-03-05 02:43:46.768814, 320, 240, 4.9130, 0.0027, -0.0112, 0.0027, 0.3628, -9.0515, -0.0098
2025-03-05 02:43:46.836010, 320, 240, 4.7560, 0.0021, -0.0043, 0.0016, 0.3628, -9.0515, -0.0294
2025-03-05 02:43:46.869163, 320, 240, 4.6630, -0.0027, -0.0053, 0.0027, 0.3628, -9.0515, -0.0294
2025-03-05 02:43:46.935731, 320, 240, 4.8530, -0.0016, -0.0059, 0.0059, 0.3628, -9.0515, -0.0098
2025-03-05 02:43:46.968954, 320, 240, 4.8530, 0.0032, -0.0064, 0.0053, 0.3628, -9.0712, -0.0294
2025-03-05 02:43:47.034135, 320, 240, 4.8330, -0.0011, -0.0101, 0.0021, 0.3825, -9.0515, -0.0490
2025-03-05 02:43:47.069187, 320, 240, 4.8530, -0.0016, -0.0037, 0.0032, 0.3628, -9.0712, -0.0294
2025-03-05 02:43:47.135804, 320, 240, 4.7370, -0.0021, -0.0075, 0.0011, 0.3628, -9.0712, -0.0294
2025-03-05 02:43:47.169240, 320, 240, 4.8140, -0.0021, -0.0027, 0.0043, 0.3628, -9.0515, -0.0294
2025-03-05 02:43:47.236122, 320, 240, 4.9130, 0.0016, -0.0080, 0.0032, 0.3628, -9.0515, -0.0294
2025-03-05 02:43:47.269270, 320, 240, 4.6810, 0.0048, -0.0064, 0.0016, 0.3432, -9.0712, -0.0490
2025-03-05 02:43:47.335725, 320, 240, 4.7000, 0.0000, -0.0053, 0.0021, 0.3628, -9.0515, -0.0294
2025-03-05 02:43:47.369348, 320, 240, 4.8530, -0.0005, -0.0069, 0.0027, 0.3628, -9.0515, -0.0490
2025-03-05 02:43:47.435181, 320, 240, 4.6810, -0.0016, -0.0101, 0.0000, 0.3628, -9.0712, -0.0490
2025-03-05 02:43:47.468444, 320, 240, 4.9540, -0.0011, -0.0069, 0.0000, 0.3432, -9.0515, -0.0294
2025-03-05 02:43:47.536083, 320, 240, 4.8730, -0.0043, -0.0048, 0.0027, 0.3628, -9.0515, -0.0098
2025-03-05 02:43:47.569414, 320, 240, 4.9540, 0.0000, -0.0085, 0.0032, 0.3628, -9.0712, -0.0294
2025-03-05 02:43:47.636555, 320, 240, 4.8140, 0.0011, -0.0075, 0.0027, 0.3432, -9.0515, -0.0294
2025-03-05 02:43:47.669516, 320, 240, 4.6630, 0.0005, -0.0069, 0.0016, 0.3628, -9.0515, -0.0294
2025-03-05 02:43:47.736288, 320, 240, 4.7000, -0.0027, -0.0059, 0.0064, 0.3432, -9.0712, -0.0294
2025-03-05 02:43:47.769600, 320, 240, 4.9540, 0.0016, -0.0048, 0.0027, 0.3628, -9.0712, -0.0294
2025-03-05 02:43:47.836283, 320, 240, 4.9540, 0.0021, -0.0091, 0.0021, 0.3628, -9.0515, -0.0294
2025-03-05 02:43:47.869429, 320, 240, 4.8330, 0.0027, -0.0080, 0.0048, 0.3628, -9.0712, -0.0098
2025-03-05 02:43:47.935924, 320, 240, 4.7560, -0.0037, -0.0059, 0.0059, 0.3628, -9.0712, -0.0098
2025-03-05 02:43:47.969524, 320, 240, 4.8730, 0.0032, -0.0048, 0.0037, 0.3628, -9.0515, -0.0294
2025-03-05 02:43:48.034609, 320, 240, 4.7000, 0.0011, -0.0107, -0.0005, 0.3628, -9.0712, -0.0294
2025-03-05 02:43:48.068643, 320, 240, 4.6090, 0.0005, -0.0080, 0.0032, 0.3432, -9.0712, -0.0098
2025-03-05 02:43:48.136049, 320, 240, 4.9130, 0.0011, -0.0096, -0.0011, 0.3825, -9.0515, -0.0294
2025-03-05 02:43:48.169548, 320, 240, 4.6630, -0.0027, -0.0085, 0.0037, 0.3628, -9.0515, -0.0294
2025-03-05 02:43:48.236141, 320, 240, 4.9130, 0.0016, -0.0043, -0.0016, 0.3628, -9.0712, -0.0490
2025-03-05 02:43:48.269636, 320, 240, 4.9340, 0.0000, -0.0027, 0.0016, 0.3628, -9.0712, -0.0294
2025-03-05 02:43:48.335963, 320, 240, 4.8330, 0.0000, -0.0091, 0.0000, 0.3628, -9.0712, -0.0098
2025-03-05 02:43:48.369599, 320, 240, 4.8140, 0.0005, -0.0059, 0.0016, 0.3825, -9.0515, -0.0490
2025-03-05 02:43:48.435412, 320, 240, 4.8530, -0.0011, -0.0080, 0.0080, 0.3628, -9.0515, -0.0490
2025-03-05 02:43:48.468738, 320, 240, 4.7560, 0.0016, -0.0037, 0.0032, 0.3628, -9.0515, -0.0294
2025-03-05 02:43:48.536747, 320, 240, 4.9340, 0.0000, -0.0027, 0.0048, 0.3628, -9.0515, -0.0294
2025-03-05 02:43:48.569764, 320, 240, 4.7560, -0.0032, -0.0064, 0.0032, 0.3628, -9.0712, -0.0294
2025-03-05 02:43:48.636331, 320, 240, 4.7940, 0.0000, -0.0085, 0.0011, 0.3628, -9.0515, -0.0294
2025-03-05 02:43:48.669682, 320, 240, 4.8930, -0.0011, -0.0069, 0.0016, 0.3628, -9.0712, -0.0098
2025-03-05 02:43:48.736348, 320, 240, 4.9130, 0.0032, -0.0064, 0.0011, 0.3628, -9.0515, -0.0294
2025-03-05 02:43:48.769426, 320, 240, 4.9340, 0.0016, -0.0138, -0.0005, 0.3628, -9.0712, -0.0294
2025-03-05 02:43:48.836371, 320, 240, 4.7560, 0.0011, -0.0080, 0.0059, 0.3628, -9.0319, -0.0294
2025-03-05 02:43:48.869773, 320, 240, 4.8930, 0.0032, -0.0043, 0.0043, 0.3628, -9.0515, -0.0294
2025-03-05 02:43:48.936268, 320, 240, 4.8330, -0.0016, -0.0085, 0.0069, 0.3628, -9.0712, -0.0294
2025-03-05 02:43:48.969775, 320, 240, 4.8140, 0.0016, -0.0037, 0.0016, 0.3432, -9.0515, -0.0294
2025-03-05 02:43:49.035248, 320, 240, 4.8730, 0.0043, -0.0075, 0.0027, 0.3432, -9.0515, -0.0294
2025-03-05 02:43:49.069079, 320, 240, 4.7370, 0.0000, -0.0059, -0.0005, 0.3628, -9.0712, -0.0294
2025-03-05 02:43:49.136357, 320, 240, 4.7940, -0.0016, -0.0123, 0.0032, 0.3628, -9.0712, -0.0294
2025-03-05 02:43:49.170065, 320, 240, 4.6260, 0.0016, -0.0064, 0.0064, 0.3825, -9.0712, -0.0490
2025-03-05 02:43:49.236582, 320, 240, 4.5730, -0.0032, -0.0101, 0.0043, 0.3825, -9.0712, -0.0294
2025-03-05 02:43:49.270109, 320, 240, 4.8730, 0.0021, -0.0064, 0.0048, 0.3628, -9.0712, -0.0098
2025-03-05 02:43:49.336495, 320, 240, 4.6630, 0.0005, -0.0080, 0.0016, 0.3628, -9.0515, -0.0294
2025-03-05 02:43:49.370194, 320, 240, 4.9130, -0.0016, -0.0096, 0.0064, 0.3432, -9.0515, -0.0294
2025-03-05 02:43:49.435882, 320, 240, 4.8730, 0.0005, -0.0043, 0.0027, 0.3432, -9.0712, -0.0098
2025-03-05 02:43:49.469703, 320, 240, 4.7370, -0.0037, -0.0064, 0.0000, 0.3628, -9.0515, -0.0294
2025-03-05 02:43:49.536654, 320, 240, 4.7940, -0.0005, -0.0069, 0.0021, 0.3628, -9.0515, -0.0294
2025-03-05 02:43:49.570558, 320, 240, 4.8730, -0.0037, -0.0032, 0.0037, 0.3628, -9.0712, -0.0294
2025-03-05 02:43:49.636620, 320, 240, 4.8530, -0.0043, -0.0043, -0.0005, 0.3628, -9.0515, -0.0294
2025-03-05 02:43:49.670086, 320, 240, 4.6810, 0.0000, -0.0123, 0.0053, 0.3628, -9.0515, -0.0098
2025-03-05 02:43:49.736552, 320, 240, 4.8140, -0.0027, -0.0107, 0.0011, 0.3628, -9.0515, -0.0294
2025-03-05 02:43:49.770151, 320, 240, 4.8140, -0.0005, -0.0075, 0.0005, 0.3432, -9.0712, -0.0294
2025-03-05 02:43:49.836704, 320, 240, 4.7940, -0.0021, -0.0064, 0.0037, 0.3432, -9.0515, -0.0294
2025-03-05 02:43:49.869169, 320, 240, 4.8730, -0.0032, -0.0032, 0.0016, 0.3628, -9.0319, -0.0294
2025-03-05 02:43:49.937067, 320, 240, 4.6810, 0.0011, -0.0064, 0.0027, 0.3628, -9.0908, -0.0294
2025-03-05 02:43:49.970411, 320, 240, 4.8140, -0.0011, -0.0059, -0.0005, 0.3628, -9.0515, -0.0490
2025-03-05 02:43:50.035347, 320, 240, 4.8140, -0.0005, -0.0069, 0.0016, 0.3432, -9.0515, -0.0098
2025-03-05 02:43:50.070399, 320, 240, 4.7370, 0.0021, -0.0080, 0.0011, 0.3628, -9.0515, -0.0294
2025-03-05 02:43:50.137634, 320, 240, 4.9130, 0.0016, -0.0053, 0.0000, 0.3628, -9.0515, -0.0490
2025-03-05 02:43:50.170281, 320, 240, 4.7000, 0.0021, -0.0085, -0.0027, 0.3628, -9.0712, -0.0490
2025-03-05 02:43:50.237022, 320, 240, 4.8530, -0.0021, -0.0101, 0.0021, 0.3825, -9.0515, -0.0294
2025-03-05 02:43:50.270439, 320, 240, 4.8140, 0.0000, -0.0048, 0.0027, 0.3628, -9.0712, -0.0098
2025-03-05 02:43:50.336121, 320, 240, 4.7940, -0.0027, -0.0037, 0.0032, 0.3628, -9.0515, -0.0294
2025-03-05 02:43:50.370020, 320, 240, 4.6630, 0.0005, -0.0021, 0.0000, 0.3628, -9.0319, -0.0294
2025-03-05 02:43:50.436019, 320, 240, 4.6090, 0.0016, -0.0059, 0.0032, 0.3628, -9.0515, -0.0490
2025-03-05 02:43:50.469756, 320, 240, 4.6810, -0.0016, -0.0080, 0.0048, 0.3628, -9.0712, -0.0098
2025-03-05 02:43:50.536928, 320, 240, 4.9130, -0.0027, -0.0107, 0.0032, 0.3628, -9.0515, -0.0294
2025-03-05 02:43:50.570422, 320, 240, 4.8330, 0.0000, -0.0080, 0.0011, 0.3628, -9.0515, -0.0294
2025-03-05 02:43:50.637059, 320, 240, 4.9130, -0.0027, -0.0053, 0.0011, 0.3432, -9.0515, -0.0294
2025-03-05 02:43:50.670357, 320, 240, 4.8330, -0.0032, -0.0133, -0.0011, 0.3628, -9.0515, -0.0098
2025-03-05 02:43:50.737032, 320, 240, 4.8530, 0.0021, -0.0069, 0.0027, 0.3628, -9.0712, -0.0098
2025-03-05 02:43:50.770148, 320, 240, 4.8140, -0.0021, -0.0021, 0.0059, 0.3628, -9.0515, -0.0490
2025-03-05 02:43:50.837673, 320, 240, 4.9340, -0.0032, -0.0069, 0.0032, 0.3825, -9.0712, -0.0294
2025-03-05 02:43:50.870485, 320, 240, 4.8930, -0.0016, -0.0080, -0.0011, 0.3628, -9.0515, -0.0294
2025-03-05 02:43:50.937886, 320, 240, 4.5730, 0.0043, -0.0064, 0.0000, 0.3628, -9.0515, -0.0490
2025-03-05 02:43:50.970278, 320, 240, 4.5210, -0.0005, -0.0069, 0.0005, 0.3628, -9.0712, -0.0294
2025-03-05 02:43:51.035681, 320, 240, 4.9130, 0.0005, -0.0101, 0.0032, 0.3825, -9.0712, -0.0098
2025-03-05 02:43:51.070201, 320, 240, 4.8330, -0.0016, -0.0080, 0.0037, 0.3628, -9.0515, -0.0294
2025-03-05 02:43:51.137076, 320, 240, 4.8330, 0.0000, -0.0133, 0.0053, 0.3628, -9.0515, -0.0490
2025-03-05 02:43:51.170760, 320, 240, 5.0170, -0.0048, -0.0091, 0.0021, 0.3432, -9.0712, -0.0294
2025-03-05 02:43:51.237123, 320, 240, 4.9130, 0.0027, -0.0075, 0.0016, 0.3432, -9.0515, -0.0098
2025-03-05 02:43:51.270825, 320, 240, 4.8330, -0.0037, -0.0069, 0.0037, 0.3628, -9.0712, -0.0294
2025-03-05 02:43:51.337671, 320, 240, 4.6630, -0.0005, -0.0080, 0.0043, 0.3628, -9.0515, -0.0098
2025-03-05 02:43:51.370776, 320, 240, 4.7940, -0.0032, -0.0080, 0.0021, 0.3628, -9.0712, -0.0490
2025-03-05 02:43:51.436869, 320, 240, 4.5560, 0.0005, -0.0059, 0.0021, 0.3628, -9.0515, -0.0294
2025-03-05 02:43:51.470710, 320, 240, 4.9340, 0.0005, -0.0053, 0.0027, 0.3628, -9.0712, -0.0098
2025-03-05 02:43:51.537170, 320, 240, 4.7000, -0.0011, -0.0075, 0.0011, 0.3628, -9.0515, -0.0294
2025-03-05 02:43:51.570795, 320, 240, 4.7000, 0.0005, -0.0069, 0.0032, 0.3628, -9.0712, -0.0294
2025-03-05 02:43:51.637400, 320, 240, 4.7940, 0.0037, -0.0059, -0.0005, 0.3628, -9.0712, -0.0294
2025-03-05 02:43:51.670810, 320, 240, 4.8930, -0.0032, -0.0080, 0.0027, 0.3432, -9.0515, -0.0294
2025-03-05 02:43:51.737476, 320, 240, 4.9130, 0.0000, -0.0138, 0.0016, 0.3432, -9.0515, -0.0294
2025-03-05 02:43:51.770878, 320, 240, 4.9540, 0.0027, -0.0075, 0.0048, 0.3628, -9.0515, -0.0294
2025-03-05 02:43:51.837312, 320, 240, 4.8530, 0.0005, 0.0000, 0.0043, 0.3628, -9.0515, -0.0294
2025-03-05 02:43:51.870523, 320, 240, 4.8730, 0.0032, -0.0080, 0.0016, 0.3628, -9.0712, -0.0294
2025-03-05 02:43:51.937298, 320, 240, 4.6630, 0.0005, -0.0027, 0.0016, 0.3628, -9.0515, -0.0294
2025-03-05 02:43:51.970893, 320, 240, 4.7940, 0.0011, -0.0075, -0.0005, 0.3628, -9.0515, -0.0294
2025-03-05 02:43:52.035853, 320, 240, 4.9130, 0.0016, -0.0059, 0.0016, 0.3628, -9.0712, -0.0098
2025-03-05 02:43:52.070361, 320, 240, 4.6630, 0.0005, -0.0069, 0.0021, 0.3628, -9.0515, -0.0490
2025-03-05 02:43:52.137314, 320, 240, 4.7000, 0.0016, -0.0123, 0.0027, 0.3628, -9.0515, -0.0294
2025-03-05 02:43:52.170996, 320, 240, 4.8930, 0.0005, -0.0048, 0.0000, 0.3628, -9.0515, -0.0294
2025-03-05 02:43:52.237456, 320, 240, 4.8930, 0.0005, -0.0096, 0.0053, 0.3628, -9.0515, -0.0098
2025-03-05 02:43:52.271223, 320, 240, 4.9340, -0.0048, -0.0085, 0.0032, 0.3628, -9.0515, -0.0294
2025-03-05 02:43:52.337546, 320, 240, 4.8930, 0.0011, -0.0096, 0.0043, 0.3628, -9.0712, -0.0294
2025-03-05 02:43:52.370474, 320, 240, 4.9540, 0.0021, -0.0101, 0.0005, 0.3628, -9.0515, -0.0294
2025-03-05 02:43:52.437042, 320, 240, 4.9540, -0.0005, -0.0027, 0.0011, 0.3628, -9.0515, -0.0098
2025-03-05 02:43:52.470318, 320, 240, 4.8530, 0.0005, -0.0075, -0.0032, 0.3825, -9.0515, -0.0490
2025-03-05 02:43:52.537953, 320, 240, 4.8930, -0.0016, -0.0043, 0.0021, 0.3825, -9.0515, -0.0294
2025-03-05 02:43:52.571673, 320, 240, 4.8730, 0.0016, -0.0080, 0.0037, 0.3628, -9.0515, -0.0490
2025-03-05 02:43:52.637613, 320, 240, 4.8140, -0.0005, -0.0080, 0.0048, 0.3628, -9.0515, -0.0098
2025-03-05 02:43:52.671146, 320, 240, 4.8140, 0.0032, -0.0059, 0.0021, 0.3628, -9.0515, -0.0490
2025-03-05 02:43:52.737655, 320, 240, 4.8530, 0.0027, -0.0096, 0.0037, 0.3628, -9.0712, -0.0490
2025-03-05 02:43:52.771227, 320, 240, 4.6810, -0.0021, -0.0027, -0.0021, 0.3628, -9.0515, -0.0294
2025-03-05 02:43:52.837654, 320, 240, 4.7560, 0.0000, -0.0085, 0.0021, 0.3628, -9.0515, -0.0098
2025-03-05 02:43:52.870993, 320, 240, 4.5210, 0.0016, -0.0059, 0.0037, 0.3432, -9.0712, -0.0490
2025-03-05 02:43:52.937682, 320, 240, 4.7000, -0.0027, -0.0037, 0.0037, 0.3628, -9.0712, -0.0294
2025-03-05 02:43:52.971397, 320, 240, 4.8140, -0.0032, -0.0091, 0.0021, 0.3628, -9.0712, -0.0490
2025-03-05 02:43:53.036374, 320, 240, 4.9960, -0.0016, -0.0101, 0.0032, 0.3628, -9.0515, -0.0098
2025-03-05 02:43:53.070254, 320, 240, 4.8140, 0.0032, -0.0037, -0.0005, 0.3432, -9.0515, -0.0098
2025-03-05 02:43:53.137830, 320, 240, 4.9750, 0.0021, -0.0091, 0.0000, 0.3628, -9.0515, -0.0294
2025-03-05 02:43:53.171478, 320, 240, 4.6630, 0.0016, -0.0048, 0.0021, 0.3628, -9.0515, -0.0294
2025-03-05 02:43:53.238307, 320, 240, 4.8330, -0.0005, -0.0069, 0.0043, 0.3628, -9.0515, -0.0294
2025-03-05 02:43:53.271047, 320, 240, 4.9340, 0.0005, -0.0085, 0.0005, 0.3628, -9.0515, -0.0294
2025-03-05 02:43:53.338126, 320, 240, 4.7560, -0.0005, -0.0096, 0.0016, 0.3628, -9.0515, -0.0294
2025-03-05 02:43:53.371311, 320, 240, 5.0380, -0.0027, -0.0107, 0.0080, 0.3628, -9.0515, -0.0098
2025-03-05 02:43:53.437689, 320, 240, 4.8930, -0.0037, -0.0085, 0.0011, 0.3628, -9.0712, -0.0098
2025-03-05 02:43:53.470696, 320, 240, 4.9130, -0.0011, -0.0032, 0.0016, 0.3628, -9.0515, -0.0294
2025-03-05 02:43:53.538284, 320, 240, 4.9340, 0.0027, -0.0091, 0.0037, 0.3628, -9.0712, -0.0490
2025-03-05 02:43:53.571533, 320, 240, 4.7560, -0.0027, -0.0107, 0.0059, 0.3628, -9.0515, -0.0294
2025-03-05 02:43:53.638280, 320, 240, 4.9130, -0.0016, -0.0053, -0.0048, 0.3628, -9.0712, -0.0098
2025-03-05 02:43:53.671402, 320, 240, 4.7000, 0.0005, -0.0064, -0.0027, 0.3628, -9.0515, -0.0098
2025-03-05 02:43:53.738349, 320, 240, 4.9540, -0.0011, -0.0037, 0.0048, 0.3825, -9.0515, -0.0294
2025-03-05 02:43:53.771774, 320, 240, 4.9340, 0.0027, -0.0043, 0.0016, 0.3628, -9.0515, -0.0294
2025-03-05 02:43:53.838525, 320, 240, 4.8730, 0.0016, 0.0021, 0.0027, 0.3432, -9.0515, -0.0098
2025-03-05 02:43:53.871813, 320, 240, 4.8730, 0.0005, -0.0096, 0.0027, 0.3432, -9.0515, -0.0294
2025-03-05 02:43:53.938445, 320, 240, 4.6810, -0.0011, -0.0069, 0.0032, 0.3628, -9.0515, -0.0490
2025-03-05 02:43:53.972118, 320, 240, 4.7940, -0.0027, -0.0075, 0.0037, 0.3628, -9.0712, -0.0490
2025-03-05 02:43:54.036998, 320, 240, 4.7000, -0.0016, -0.0091, 0.0021, 0.3628, -9.0712, -0.0098
2025-03-05 02:43:54.071707, 320, 240, 4.7940, 0.0005, -0.0043, 0.0032, 0.3628, -9.0515, -0.0294
2025-03-05 02:43:54.138298, 320, 240, 4.8930, 0.0005, -0.0085, 0.0032, 0.3628, -9.0515, -0.0294
2025-03-05 02:43:54.171824, 320, 240, 4.7000, -0.0011, -0.0069, 0.0021, 0.3628, -9.0712, -0.0294
2025-03-05 02:43:54.238370, 320, 240, 4.8530, -0.0053, -0.0048, 0.0011, 0.3628, -9.0712, -0.0490
2025-03-05 02:43:54.271609, 320, 240, 4.7000, -0.0021, -0.0085, 0.0037, 0.3628, -9.0515, -0.0294
2025-03-05 02:43:54.338542, 320, 240, 4.7940, 0.0021, -0.0064, 0.0021, 0.3628, -9.0515, -0.0490
2025-03-05 02:43:54.371687, 320, 240, 4.7940, 0.0011, -0.0069, 0.0021, 0.3628, -9.0515, -0.0098
2025-03-05 02:43:54.437331, 320, 240, 4.8330, 0.0016, -0.0069, -0.0011, 0.3628, -9.0515, -0.0294
2025-03-05 02:43:54.471250, 320, 240, 4.8140, 0.0000, -0.0037, -0.0005, 0.3628, -9.0319, -0.0294
2025-03-05 02:43:54.538667, 320, 240, 4.8330, 0.0043, -0.0064, 0.0021, 0.3628, -9.0712, -0.0490
2025-03-05 02:43:54.570172, 320, 240, 4.7370, 0.0021, -0.0096, 0.0027, 0.3628, -9.0712, -0.0294
2025-03-05 02:43:54.638941, 320, 240, 4.7000, -0.0021, -0.0037, 0.0043, 0.3628, -9.0515, -0.0294
2025-03-05 02:43:54.672500, 320, 240, 4.8140, -0.0016, -0.0085, 0.0016, 0.3628, -9.0712, -0.0294
2025-03-05 02:43:54.737199, 320, 240, 4.8140, 0.0021, -0.0101, 0.0032, 0.3628, -9.0515, -0.0294
2025-03-05 02:43:54.772073, 320, 240, 4.7370, 0.0005, -0.0053, 0.0032, 0.3628, -9.0515, -0.0294
2025-03-05 02:43:54.838473, 320, 240, 4.8730, 0.0005, -0.0091, 0.0021, 0.3628, -9.0515, -0.0294
2025-03-05 02:43:54.871915, 320, 240, 4.9540, -0.0005, -0.0016, 0.0043, 0.3628, -9.0712, -0.0294
2025-03-05 02:43:54.938723, 320, 240, 5.0170, -0.0021, -0.0064, 0.0053, 0.3628, -9.0515, -0.0490
2025-03-05 02:43:54.971880, 320, 240, 4.7560, -0.0016, -0.0059, 0.0005, 0.3432, -9.0515, -0.0294
2025-03-05 02:43:55.037690, 320, 240, 4.7370, -0.0005, -0.0053, 0.0032, 0.3628, -9.0712, -0.0490
2025-03-05 02:43:55.071961, 320, 240, 4.6260, 0.0016, -0.0075, -0.0005, 0.3628, -9.0515, -0.0490
2025-03-05 02:43:55.138690, 320, 240, 4.4200, -0.0032, -0.0080, 0.0059, 0.3628, -9.0515, -0.0294
2025-03-05 02:43:55.172126, 320, 240, 4.6260, 0.0021, -0.0075, 0.0027, 0.3628, -9.0515, -0.0294
2025-03-05 02:43:55.238571, 320, 240, 4.8730, -0.0011, -0.0043, 0.0043, 0.3628, -9.0712, -0.0294
2025-03-05 02:43:55.272110, 320, 240, 4.8330, 0.0016, -0.0069, 0.0005, 0.3628, -9.0515, -0.0490
2025-03-05 02:43:55.338568, 320, 240, 4.9960, 0.0011, -0.0053, 0.0080, 0.3628, -9.0712, -0.0294
2025-03-05 02:43:55.372168, 320, 240, 4.8530, 0.0016, -0.0085, 0.0021, 0.3628, -9.0712, -0.0294
2025-03-05 02:43:55.437915, 320, 240, 4.8140, -0.0011, -0.0069, 0.0048, 0.3628, -9.0515, -0.0098
2025-03-05 02:43:55.471259, 320, 240, 4.9540, 0.0032, -0.0069, 0.0032, 0.3628, -9.0712, -0.0294
2025-03-05 02:43:55.538793, 320, 240, 4.8330, 0.0000, -0.0069, 0.0043, 0.3628, -9.0515, -0.0098
2025-03-05 02:43:55.572263, 320, 240, 4.7940, 0.0037, -0.0059, -0.0011, 0.3628, -9.0712, -0.0294
2025-03-05 02:43:55.638682, 320, 240, 4.7000, 0.0011, -0.0085, 0.0005, 0.3628, -9.0515, -0.0490
2025-03-05 02:43:55.672327, 320, 240, 4.6260, -0.0037, -0.0128, 0.0016, 0.3432, -9.0712, -0.0294
2025-03-05 02:43:55.739120, 320, 240, 4.9540, -0.0011, -0.0053, 0.0053, 0.3628, -9.0712, -0.0294
2025-03-05 02:43:55.772723, 320, 240, 4.8930, 0.0005, -0.0048, 0.0021, 0.3825, -9.0515, -0.0294
2025-03-05 02:43:55.838734, 320, 240, 4.8330, 0.0000, -0.0080, 0.0016, 0.3432, -9.0712, -0.0294
2025-03-05 02:43:55.872480, 320, 240, 4.7560, 0.0016, -0.0032, 0.0032, 0.3628, -9.0712, -0.0098
2025-03-05 02:43:55.939052, 320, 240, 4.9960, 0.0000, -0.0123, 0.0021, 0.3628, -9.0515, -0.0098
2025-03-05 02:43:55.972426, 320, 240, 4.7940, -0.0027, -0.0032, -0.0005, 0.3628, -9.0712, -0.0294
2025-03-05 02:43:56.037805, 320, 240, 4.7370, -0.0005, -0.0096, 0.0048, 0.3628, -9.0515, -0.0098
2025-03-05 02:43:56.071077, 320, 240, 4.7560, 0.0016, -0.0075, 0.0048, 0.3628, -9.0515, -0.0490
2025-03-05 02:43:56.139425, 320, 240, 4.6810, -0.0011, -0.0091, 0.0037, 0.3628, -9.0712, -0.0294
2025-03-05 02:43:56.172804, 320, 240, 4.8930, 0.0011, -0.0091, 0.0005, 0.3628, -9.0712, -0.0490
2025-03-05 02:43:56.239078, 320, 240, 4.7000, 0.0005, -0.0059, 0.0037, 0.3432, -9.0515, -0.0098
2025-03-05 02:43:56.272910, 320, 240, 4.8140, 0.0027, -0.0053, 0.0011, 0.3628, -9.0515, -0.0294
2025-03-05 02:43:56.339298, 320, 240, 4.6630, -0.0016, -0.0096, 0.0032, 0.3628, -9.0515, -0.0490
2025-03-05 02:43:56.372624, 320, 240, 4.8530, 0.0027, -0.0069, 0.0027, 0.3628, -9.0515, -0.0294
2025-03-05 02:43:56.438402, 320, 240, 4.8730, -0.0043, -0.0085, -0.0011, 0.3432, -9.0712, -0.0490
2025-03-05 02:43:56.472154, 320, 240, 4.7560, -0.0027, -0.0064, -0.0016, 0.3628, -9.0712, -0.0294
2025-03-05 02:43:56.539341, 320, 240, 4.8140, -0.0027, -0.0059, 0.0011, 0.3432, -9.0712, -0.0098
2025-03-05 02:43:56.572698, 320, 240, 4.8730, -0.0005, -0.0048, 0.0021, 0.3628, -9.0712, -0.0098
2025-03-05 02:43:56.639341, 320, 240, 4.8140, 0.0011, -0.0032, 0.0027, 0.3628, -9.0712, -0.0098
2025-03-05 02:43:56.672680, 320, 240, 4.7000, -0.0005, -0.0037, 0.0021, 0.3628, -9.0515, -0.0294
2025-03-05 02:43:56.739177, 320, 240, 4.9540, -0.0016, -0.0107, 0.0048, 0.3628, -9.0515, -0.0294
2025-03-05 02:43:56.772641, 320, 240, 4.8330, 0.0016, -0.0069, 0.0037, 0.3628, -9.0515, -0.0294
2025-03-05 02:43:56.839231, 320, 240, 4.9130, 0.0011, -0.0037, 0.0032, 0.3628, -9.0712, -0.0294
2025-03-05 02:43:56.873004, 320, 240, 4.8730, -0.0032, -0.0112, 0.0037, 0.3628, -9.0712, -0.0098
2025-03-05 02:43:56.939095, 320, 240, 4.7370, -0.0037, -0.0064, 0.0005, 0.3628, -9.0712, -0.0294
2025-03-05 02:43:56.972714, 320, 240, 4.8530, 0.0000, -0.0043, 0.0027, 0.3628, -9.0515, -0.0294
2025-03-05 02:43:57.038756, 320, 240, 4.8730, 0.0011, -0.0059, 0.0016, 0.3432, -9.0712, -0.0294
2025-03-05 02:43:57.071187, 320, 240, 4.8730, -0.0032, -0.0064, 0.0011, 0.3432, -9.0515, -0.0294
2025-03-05 02:43:57.139363, 320, 240, 4.9340, 0.0016, -0.0080, 0.0000, 0.3628, -9.0515, -0.0490
2025-03-05 02:43:57.172663, 320, 240, 4.8730, 0.0005, -0.0091, 0.0016, 0.3432, -9.0712, -0.0490
2025-03-05 02:43:57.239138, 320, 240, 4.6630, -0.0005, -0.0037, -0.0005, 0.3628, -9.0712, -0.0294
2025-03-05 02:43:57.272939, 320, 240, 4.9750, -0.0005, -0.0112, 0.0016, 0.3628, -9.0515, -0.0294
2025-03-05 02:43:57.339492, 320, 240, 4.6630, 0.0011, -0.0085, 0.0032, 0.3628, -9.0515, -0.0294
2025-03-05 02:43:57.373035, 320, 240, 4.8140, 0.0011, -0.0091, 0.0027, 0.3628, -9.0712, -0.0294
2025-03-05 02:43:57.438781, 320, 240, 4.8330, -0.0037, -0.0064, 0.0048, 0.3628, -9.0712, -0.0294
2025-03-05 02:43:57.472319, 320, 240, 4.7940, 0.0005, -0.0016, 0.0011, 0.3628, -9.0712, -0.0098
2025-03-05 02:43:57.539501, 320, 240, 4.7940, 0.0016, -0.0096, 0.0000, 0.3432, -9.0712, -0.0294
2025-03-05 02:43:57.573016, 320, 240, 4.5730, 0.0005, -0.0064, -0.0011, 0.3628, -9.0515, -0.0294
2025-03-05 02:43:57.639559, 320, 240, 4.7940, 0.0005, -0.0032, 0.0037, 0.3628, -9.0712, -0.0294
2025-03-05 02:43:57.673392, 320, 240, 4.7000, -0.0021, -0.0053, 0.0016, 0.3628, -9.0515, -0.0490
2025-03-05 02:43:57.739237, 320, 240, 4.7000, 0.0000, -0.0059, 0.0000, 0.3628, -9.0712, -0.0294
2025-03-05 02:43:57.773271, 320, 240, 4.7940, -0.0037, -0.0043, 0.0011, 0.3432, -9.0515, -0.0294
2025-03-05 02:43:57.840176, 320, 240, 4.7560, 0.0048, -0.0107, 0.0011, 0.3628, -9.0515, -0.0490
2025-03-05 02:43:57.873260, 320, 240, 4.7940, 0.0011, -0.0059, 0.0005, 0.3628, -9.0712, -0.0294
2025-03-05 02:43:57.940222, 320, 240, 4.8530, 0.0027, -0.0027, 0.0059, 0.3628, -9.0712, -0.0294
2025-03-05 02:43:57.973289, 320, 240, 4.8140, -0.0053, -0.0107, 0.0000, 0.3628, -9.0515, -0.0098
2025-03-05 02:43:58.039132, 320, 240, 4.8140, -0.0048, -0.0085, 0.0080, 0.3432, -9.0515, -0.0294
2025-03-05 02:43:58.071905, 320, 240, 4.8730, 0.0037, -0.0032, 0.0027, 0.3628, -9.0515, -0.0294
2025-03-05 02:43:58.140052, 320, 240, 4.8730, 0.0005, -0.0069, 0.0032, 0.3628, -9.0712, -0.0294
2025-03-05 02:43:58.173374, 320, 240, 4.6260, -0.0027, -0.0043, 0.0064, 0.3628, -9.0515, -0.0294
2025-03-05 02:43:58.239836, 320, 240, 4.8330, 0.0011, -0.0091, 0.0053, 0.3628, -9.0712, -0.0490
2025-03-05 02:43:58.273339, 320, 240, 4.8930, -0.0016, -0.0075, 0.0027, 0.3432, -9.0515, -0.0294
2025-03-05 02:43:58.339868, 320, 240, 4.9130, 0.0016, -0.0053, 0.0037, 0.3628, -9.0515, -0.0294
2025-03-05 02:43:58.373381, 320, 240, 4.7560, -0.0016, -0.0064, -0.0005, 0.3825, -9.0712, -0.0098
2025-03-05 02:43:58.438904, 320, 240, 4.7940, -0.0011, -0.0075, 0.0069, 0.3432, -9.0515, -0.0490
2025-03-05 02:43:58.471639, 320, 240, 4.6260, -0.0011, -0.0085, 0.0021, 0.3628, -9.0712, -0.0294
2025-03-05 02:43:58.540073, 320, 240, 4.6810, 0.0027, -0.0027, 0.0053, 0.3825, -9.0515, -0.0098
2025-03-05 02:43:58.573381, 320, 240, 4.7940, -0.0027, -0.0069, 0.0021, 0.3628, -9.0515, -0.0294
2025-03-05 02:43:58.639979, 320, 240, 4.6260, -0.0005, -0.0080, 0.0032, 0.3825, -9.0515, -0.0294
2025-03-05 02:43:58.673376, 320, 240, 4.7940, 0.0005, -0.0080, 0.0032, 0.3628, -9.0515, -0.0294
2025-03-05 02:43:58.740187, 320, 240, 4.8930, 0.0005, -0.0096, 0.0048, 0.3628, -9.0515, -0.0294
2025-03-05 02:43:58.773984, 320, 240, 4.8140, -0.0016, -0.0101, 0.0000, 0.3628, -9.0319, -0.0098
2025-03-05 02:43:58.840265, 320, 240, 4.7370, -0.0032, -0.0117, 0.0021, 0.3628, -9.0515, -0.0490
2025-03-05 02:43:58.873831, 320, 240, 4.6260, 0.0032, -0.0043, 0.0021, 0.3628, -9.0515, -0.0490
2025-03-05 02:43:58.940173, 320, 240, 4.5560, -0.0037, -0.0080, 0.0021, 0.3628, -9.0515, -0.0294
2025-03-05 02:43:59.006380, 320, 240, 4.7940, 0.0011, -0.0085, 0.0021, 0.3628, -9.0515, -0.0098
2025-03-05 02:43:59.039669, 320, 240, 4.8330, -0.0027, -0.0080, 0.0000, 0.3628, -9.0515, -0.0490
2025-03-05 02:43:59.106652, 320, 240, 4.7560, 0.0000, -0.0069, -0.0011, 0.3432, -9.0515, -0.0294
2025-03-05 02:43:59.140314, 320, 240, 4.8140, 0.0005, -0.0091, 0.0021, 0.3432, -9.0515, -0.0294
2025-03-05 02:43:59.206789, 320, 240, 4.9130, 0.0016, -0.0059, -0.0016, 0.3628, -9.0712, -0.0294
2025-03-05 02:43:59.240274, 320, 240, 4.6630, 0.0027, -0.0112, -0.0005, 0.3628, -9.0515, -0.0294
2025-03-05 02:43:59.306841, 320, 240, 4.8730, -0.0027, -0.0160, 0.0037, 0.3628, -9.0712, -0.0490
2025-03-05 02:43:59.373265, 320, 240, 4.6810, 0.0011, -0.0053, 0.0032, 0.3628, -9.0712, -0.0294
2025-03-05 02:43:59.407133, 320, 240, 4.8730, 0.0027, -0.0043, 0.0037, 0.3628, -9.0712, -0.0490
2025-03-05 02:43:59.473813, 320, 240, 4.8530, -0.0021, -0.0075, -0.0021, 0.3628, -9.0515, -0.0490
2025-03-05 02:43:59.507413, 320, 240, 4.8730, 0.0016, -0.0048, 0.0021, 0.3628, -9.0712, -0.0098
2025-03-05 02:43:59.573995, 320, 240, 4.8140, 0.0016, -0.0069, 0.0011, 0.3628, -9.0515, -0.0294
2025-03-05 02:43:59.606931, 320, 240, 4.8730, -0.0032, -0.0059, -0.0011, 0.3825, -9.0515, -0.0294
2025-03-05 02:43:59.673676, 320, 240, 4.8730, -0.0032, -0.0101, 0.0043, 0.3628, -9.0515, -0.0294
2025-03-05 02:43:59.707163, 320, 240, 4.8140, 0.0005, -0.0043, 0.0032, 0.3628, -9.0712, -0.0098
2025-03-05 02:43:59.773605, 320, 240, 4.9750, 0.0005, -0.0096, 0.0032, 0.3628, -9.0712, -0.0294
2025-03-05 02:43:59.807020, 320, 240, 4.8530, 0.0005, -0.0080, 0.0016, 0.3628, -9.0712, -0.0294
2025-03-05 02:43:59.873780, 320, 240, 4.7370, -0.0037, -0.0080, 0.0032, 0.3432, -9.0515, -0.0294
2025-03-05 02:43:59.906884, 320, 240, 4.7370, 0.0000, -0.0101, -0.0027, 0.3432, -9.0712, -0.0294
2025-03-05 02:43:59.973590, 320, 240, 4.7560, 0.0005, -0.0080, 0.0059, 0.3628, -9.0712, -0.0294
2025-03-05 02:44:00.040065, 320, 240, 4.8530, 0.0011, -0.0085, 0.0075, 0.3628, -9.0515, -0.0294
2025-03-05 02:44:00.073506, 320, 240, 4.8730, 0.0016, -0.0037, 0.0016, 0.3628, -9.0712, -0.0294
2025-03-05 02:44:00.140616, 320, 240, 4.9130, 0.0043, -0.0027, 0.0048, 0.3628, -9.0515, -0.0294
2025-03-05 02:44:00.174067, 320, 240, 4.7000, 0.0021, -0.0016, 0.0000, 0.3628, -9.0515, -0.0294
2025-03-05 02:44:00.240494, 320, 240, 4.9130, 0.0043, -0.0069, 0.0032, 0.3628, -9.0712, -0.0098
2025-03-05 02:44:00.306916, 320, 240, 4.7370, 0.0016, -0.0112, 0.0037, 0.3628, -9.0515, -0.0490
2025-03-05 02:44:00.340848, 320, 240, 4.8330, -0.0048, -0.0080, 0.0005, 0.3628, -9.0712, -0.0098
2025-03-05 02:44:00.408079, 320, 240, 4.9130, 0.0016, -0.0048, -0.0005, 0.3432, -9.0712, -0.0490
2025-03-05 02:44:00.439923, 320, 240, 4.8930, 0.0016, -0.0085, 0.0037, 0.3628, -9.0515, -0.0294
2025-03-05 02:44:00.505809, 320, 240, 4.9540, 0.0005, -0.0064, 0.0011, 0.3628, -9.0515, -0.0490
2025-03-05 02:44:00.540798, 320, 240, 4.9130, 0.0011, -0.0011, 0.0027, 0.3628, -9.0515, -0.0098
2025-03-05 02:44:00.606974, 320, 240, 4.9540, 0.0000, -0.0075, 0.0032, 0.3432, -9.0712, -0.0490
2025-03-05 02:44:00.640824, 320, 240, 4.8530, -0.0016, -0.0053, 0.0011, 0.3628, -9.0712, -0.0294
2025-03-05 02:44:00.707111, 320, 240, 4.6810, 0.0032, -0.0048, 0.0048, 0.3432, -9.0515, -0.0098
2025-03-05 02:44:00.741015, 320, 240, 4.7940, -0.0011, -0.0064, 0.0059, 0.3628, -9.0712, -0.0294
2025-03-05 02:44:00.807491, 320, 240, 4.7940, -0.0016, -0.0080, 0.0043, 0.3628, -9.0515, -0.0490
2025-03-05 02:44:00.840703, 320, 240, 4.7000, 0.0032, -0.0069, 0.0032, 0.3628, -9.0712, -0.0294
2025-03-05 02:44:00.907315, 320, 240, 4.8330, -0.0021, -0.0123, 0.0000, 0.3432, -9.0515, -0.0294
2025-03-05 02:44:00.940750, 320, 240, 4.7940, -0.0016, -0.0064, -0.0005, 0.3432, -9.0515, -0.0294
2025-03-05 02:44:01.007393, 320, 240, 4.9540, 0.0000, -0.0059, 0.0005, 0.3628, -9.0515, -0.0490
2025-03-05 02:44:01.040439, 320, 240, 4.5730, -0.0016, -0.0048, 0.0032, 0.3432, -9.0712, -0.0490
2025-03-05 02:44:01.107454, 320, 240, 4.7370, -0.0037, -0.0096, 0.0059, 0.3628, -9.0515, -0.0098
2025-03-05 02:44:01.141038, 320, 240, 4.8140, 0.0000, -0.0096, -0.0005, 0.3432, -9.0515, -0.0098
2025-03-05 02:44:01.207344, 320, 240, 4.9130, 0.0032, -0.0059, 0.0048, 0.3628, -9.0515, -0.0098
2025-03-05 02:44:01.241146, 320, 240, 4.7370, 0.0032, -0.0096, 0.0000, 0.3628, -9.0515, -0.0294
2025-03-05 02:44:01.307524, 320, 240, 4.8140, -0.0021, -0.0101, -0.0021, 0.3628, -9.0515, -0.0098
2025-03-05 02:44:01.340871, 320, 240, 4.7560, 0.0011, -0.0064, 0.0011, 0.3628, -9.0515, -0.0098
2025-03-05 02:44:01.407423, 320, 240, 4.8730, -0.0011, -0.0043, 0.0005, 0.3432, -9.0712, -0.0294
2025-03-05 02:44:01.439924, 320, 240, 4.8930, 0.0011, -0.0059, 0.0048, 0.3628, -9.0515, -0.0294
2025-03-05 02:44:01.507747, 320, 240, 4.9960, -0.0005, -0.0043, 0.0037, 0.3432, -9.0712, -0.0098
2025-03-05 02:44:01.541148, 320, 240, 4.9540, -0.0005, -0.0064, 0.0043, 0.3628, -9.0712, -0.0294
2025-03-05 02:44:01.607387, 320, 240, 4.5210, 0.0016, -0.0032, 0.0064, 0.3432, -9.0319, -0.0490
2025-03-05 02:44:01.641146, 320, 240, 4.9540, -0.0011, -0.0107, 0.0027, 0.3628, -9.0515, -0.0490
2025-03-05 02:44:01.707690, 320, 240, 4.8930, -0.0011, -0.0043, 0.0021, 0.3628, -9.0515, -0.0294
2025-03-05 02:44:01.741235, 320, 240, 4.9340, 0.0005, -0.0053, 0.0032, 0.3432, -9.0712, -0.0098
2025-03-05 02:44:01.807423, 320, 240, 4.6630, 0.0027, -0.0080, 0.0027, 0.3628, -9.0515, -0.0490
2025-03-05 02:44:01.841275, 320, 240, 4.8730, 0.0016, -0.0027, 0.0016, 0.3628, -9.0712, -0.0098
2025-03-05 02:44:01.908258, 320, 240, 4.9340, -0.0021, -0.0059, 0.0005, 0.3628, -9.0515, -0.0294
2025-03-05 02:44:01.940885, 320, 240, 4.9130, 0.0000, -0.0091, 0.0021, 0.3628, -9.0712, -0.0098
2025-03-05 02:44:02.007781, 320, 240, 4.9340, -0.0032, -0.0085, 0.0021, 0.3628, -9.0515, -0.0490
2025-03-05 02:44:02.040844, 320, 240, 4.8330, 0.0005, -0.0016, 0.0011, 0.3628, -9.0515, -0.0294
2025-03-05 02:44:02.107910, 320, 240, 4.6810, 0.0000, -0.0043, 0.0016, 0.3628, -9.0515, -0.0294
2025-03-05 02:44:02.141183, 320, 240, 4.7940, -0.0032, -0.0048, 0.0011, 0.3432, -9.0515, -0.0294
2025-03-05 02:44:02.207804, 320, 240, 4.7000, 0.0000, -0.0032, 0.0027, 0.3628, -9.0712, -0.0294
2025-03-05 02:44:02.241538, 320, 240, 4.8930, 0.0005, -0.0048, 0.0016, 0.3628, -9.0712, -0.0098
2025-03-05 02:44:02.307846, 320, 240, 4.9340, -0.0021, -0.0160, 0.0037, 0.3628, -9.0515, -0.0294
2025-03-05 02:44:02.341484, 320, 240, 4.8530, 0.0021, -0.0011, 0.0016, 0.3628, -9.0515, -0.0098
2025-03-05 02:44:02.408426, 320, 240, 4.9340, 0.0021, -0.0123, 0.0016, 0.3628, -9.0712, -0.0294
2025-03-05 02:44:02.440810, 320, 240, 4.8330, -0.0011, -0.0064, 0.0011, 0.3628, -9.0712, -0.0490
2025-03-05 02:44:02.507614, 320, 240, 4.8730, -0.0016, -0.0069, 0.0037, 0.3825, -9.0515, -0.0294
2025-03-05 02:44:02.540107, 320, 240, 4.8330, 0.0000, -0.0011, 0.0016, 0.3628, -9.0712, -0.0098
2025-03-05 02:44:02.607833, 320, 240, 4.9130, 0.0000, -0.0112, 0.0016, 0.3628, -9.0515, -0.0294
2025-03-05 02:44:02.641851, 320, 240, 4.7000, -0.0011, -0.0075, 0.0027, 0.3628, -9.0515, -0.0294
2025-03-05 02:44:02.708169, 320, 240, 4.8730, 0.0027, -0.0048, 0.0021, 0.3628, -9.0515, -0.0294
2025-03-05 02:44:02.741832, 320, 240, 4.9540, -0.0032, -0.0075, 0.0043, 0.3628, -9.0515, -0.0294
2025-03-05 02:44:02.808395, 320, 240, 4.8330, 0.0048, -0.0059, 0.0032, 0.3628, -9.0515, -0.0294
2025-03-05 02:44:02.841823, 320, 240, 4.6090, 0.0037, -0.0059, 0.0005, 0.3628, -9.0712, -0.0294
2025-03-05 02:44:02.908774, 320, 240, 4.9540, -0.0080, -0.0053, 0.0027, 0.3628, -9.0712, -0.0294
2025-03-05 02:44:02.941825, 320, 240, 4.8330, 0.0005, -0.0053, 0.0037, 0.3628, -9.0515, -0.0098
2025-03-05 02:44:03.175041, 320, 240, 4.8330, 0.0000, -0.0112, 0.0059, 0.3628, -9.0712, -0.0490
2025-03-05 02:44:03.208291, 320, 240, 4.8530, -0.0027, -0.0069, 0.0005, 0.3825, -9.0515, -0.0294
2025-03-05 02:44:03.275045, 320, 240, 4.6810, 0.0005, -0.0080, 0.0037, 0.3432, -9.0515, -0.0294
2025-03-05 02:44:03.308415, 320, 240, 4.7940, 0.0032, -0.0053, 0.0011, 0.3628, -9.0712, -0.0294
2025-03-05 02:44:03.374634, 320, 240, 4.9130, -0.0011, -0.0080, 0.0016, 0.3628, -9.0712, -0.0294
2025-03-05 02:44:03.408441, 320, 240, 4.7940, -0.0016, -0.0085, 0.0043, 0.3628, -9.0515, -0.0294
2025-03-05 02:44:03.475056, 320, 240, 4.8930, 0.0011, -0.0080, 0.0016, 0.3628, -9.0712, -0.0098
2025-03-05 02:44:03.541578, 320, 240, 4.9750, -0.0032, -0.0075, 0.0059, 0.3628, -9.0712, -0.0490
2025-03-05 02:44:03.574099, 320, 240, 4.8730, 0.0011, -0.0101, 0.0005, 0.3628, -9.0515, -0.0098
2025-03-05 02:44:03.642332, 320, 240, 4.8930, 0.0011, -0.0032, -0.0005, 0.3628, -9.0515, -0.0098
2025-03-05 02:44:03.675432, 320, 240, 4.7560, 0.0016, -0.0075, 0.0043, 0.3628, -9.0515, -0.0294
2025-03-05 02:44:03.741989, 320, 240, 4.9540, 0.0027, -0.0080, 0.0043, 0.3432, -9.0515, -0.0294
2025-03-05 02:44:03.775082, 320, 240, 4.7370, 0.0016, -0.0053, 0.0048, 0.3628, -9.0515, -0.0294
2025-03-05 02:44:03.842036, 320, 240, 4.8330, -0.0016, -0.0075, 0.0037, 0.3628, -9.0712, -0.0294
2025-03-05 02:44:03.875066, 320, 240, 4.9540, 0.0011, -0.0091, 0.0000, 0.3628, -9.0515, -0.0294
2025-03-05 02:44:03.941401, 320, 240, 4.8530, -0.0016, -0.0043, 0.0011, 0.3628, -9.0515, -0.0490
2025-03-05 02:44:03.975471, 320, 240, 4.6810, 0.0027, -0.0037, 0.0053, 0.3628, -9.0515, -0.0294
2025-03-05 02:44:04.042457, 320, 240, 4.5730, -0.0016, -0.0091, 0.0027, 0.3628, -9.0515, -0.0294
2025-03-05 02:44:04.074207, 320, 240, 4.8330, 0.0000, -0.0064, 0.0037, 0.3628, -9.0515, -0.0294
2025-03-05 02:44:04.142193, 320, 240, 4.9540, -0.0011, -0.0080, 0.0000, 0.3628, -9.0712, -0.0294
2025-03-05 02:44:04.174102, 320, 240, 4.9540, -0.0011, -0.0037, 0.0021, 0.3628, -9.0712, -0.0294
2025-03-05 02:44:04.242232, 320, 240, 4.6630, 0.0011, -0.0075, 0.0016, 0.3628, -9.0712, -0.0098
2025-03-05 02:44:04.275629, 320, 240, 4.8140, 0.0011, -0.0053, 0.0037, 0.3628, -9.0515, -0.0294
2025-03-05 02:44:04.342021, 320, 240, 4.8530, 0.0037, -0.0107, 0.0032, 0.3628, -9.0515, -0.0098
2025-03-05 02:44:04.375746, 320, 240, 4.5560, -0.0005, -0.0096, 0.0027, 0.3628, -9.0515, -0.0490
2025-03-05 02:44:04.441310, 320, 240, 4.8140, 0.0011, -0.0107, 0.0027, 0.3628, -9.0712, -0.0294
2025-03-05 02:44:04.508670, 320, 240, 4.6810, 0.0021, -0.0085, 0.0064, 0.3628, -9.0712, -0.0294
2025-03-05 02:44:04.542088, 320, 240, 4.6810, 0.0011, -0.0064, 0.0032, 0.3628, -9.0515, -0.0098
2025-03-05 02:44:04.608553, 320, 240, 4.7560, 0.0005, -0.0043, 0.0043, 0.3432, -9.0515, -0.0294
2025-03-05 02:44:04.642111, 320, 240, 4.8330, -0.0016, -0.0075, 0.0032, 0.3628, -9.0515, -0.0098
2025-03-05 02:44:04.708878, 320, 240, 4.6260, 0.0011, -0.0059, 0.0027, 0.3432, -9.0515, -0.0098
2025-03-05 02:44:04.742313, 320, 240, 4.7370, -0.0016, -0.0080, 0.0021, 0.3628, -9.0515, -0.0294
2025-03-05 02:44:04.809074, 320, 240, 4.6630, 0.0021, -0.0059, 0.0021, 0.3628, -9.0712, -0.0098
2025-03-05 02:44:04.842545, 320, 240, 4.9130, -0.0037, -0.0101, 0.0005, 0.3628, -9.0712, -0.0294
2025-03-05 02:44:04.909173, 320, 240, 4.8530, 0.0011, -0.0048, 0.0000, 0.3628, -9.0712, -0.0294
2025-03-05 02:44:04.942010, 320, 240, 4.8930, 0.0000, -0.0053, 0.0037, 0.3628, -9.0712, -0.0294
2025-03-05 02:44:05.009104, 320, 240, 4.7370, -0.0032, -0.0069, 0.0032, 0.3628, -9.0712, -0.0294
2025-03-05 02:44:05.042555, 320, 240, 4.7940, -0.0027, -0.0096, 0.0027, 0.3628, -9.0712, -0.0294
2025-03-05 02:44:05.109286, 320, 240, 5.0170, 0.0016, -0.0096, 0.0043, 0.3628, -9.0712, -0.0490
2025-03-05 02:44:05.142834, 320, 240, 4.8140, 0.0000, -0.0075, 0.0032, 0.3628, -9.0515, -0.0686
2025-03-05 02:44:05.209329, 320, 240, 4.8730, -0.0005, -0.0085, -0.0021, 0.3432, -9.0515, -0.0490
2025-03-05 02:44:05.242572, 320, 240, 4.4870, -0.0011, -0.0101, 0.0005, 0.3628, -9.0515, -0.0294
2025-03-05 02:44:05.309427, 320, 240, 4.8730, 0.0000, -0.0101, 0.0037, 0.3628, -9.0515, -0.0294
2025-03-05 02:44:05.342841, 320, 240, 4.6630, -0.0043, -0.0117, 0.0053, 0.3628, -9.0712, -0.0490
2025-03-05 02:44:05.409319, 320, 240, 4.7370, 0.0000, -0.0107, 0.0043, 0.3628, -9.0515, -0.0294
2025-03-05 02:44:05.441891, 320, 240, 4.8730, -0.0043, -0.0048, 0.0053, 0.3628, -9.0515, -0.0490
2025-03-05 02:44:05.509320, 320, 240, 4.8730, -0.0016, -0.0048, 0.0011, 0.3628, -9.0515, -0.0294
2025-03-05 02:44:05.542893, 320, 240, 4.8730, 0.0016, -0.0069, 0.0027, 0.3628, -9.0515, -0.0294
2025-03-05 02:44:05.609495, 320, 240, 4.8730, 0.0011, -0.0096, 0.0032, 0.3628, -9.0712, -0.0294
2025-03-05 02:44:05.642828, 320, 240, 4.7940, -0.0016, -0.0053, 0.0021, 0.3628, -9.0515, -0.0294
2025-03-05 02:44:05.709363, 320, 240, 4.7940, 0.0005, -0.0075, 0.0043, 0.3432, -9.0712, -0.0490
2025-03-05 02:44:05.742913, 320, 240, 4.7940, -0.0064, -0.0032, 0.0037, 0.3432, -9.0515, -0.0294
2025-03-05 02:44:05.809371, 320, 240, 4.9540, -0.0011, -0.0080, -0.0005, 0.3628, -9.0515, -0.0294
2025-03-05 02:44:05.842893, 320, 240, 4.9340, 0.0043, -0.0085, 0.0000, 0.3628, -9.0515, -0.0490
2025-03-05 02:44:05.909595, 320, 240, 4.7370, 0.0011, -0.0085, 0.0053, 0.3628, -9.0712, -0.0294
2025-03-05 02:44:05.975969, 320, 240, 4.9130, -0.0016, -0.0064, 0.0037, 0.3628, -9.0515, -0.0294
2025-03-05 02:44:06.009654, 320, 240, 4.7370, 0.0000, -0.0096, 0.0021, 0.3628, -9.0515, -0.0490
2025-03-05 02:44:06.074739, 320, 240, 4.8330, 0.0000, -0.0112, 0.0021, 0.3628, -9.0515, -0.0294
2025-03-05 02:44:06.109607, 320, 240, 4.7560, -0.0021, -0.0059, 0.0037, 0.3628, -9.0515, -0.0490
2025-03-05 02:44:06.176320, 320, 240, 4.8530, 0.0000, -0.0053, -0.0021, 0.3628, -9.0712, -0.0294
2025-03-05 02:44:06.209738, 320, 240, 4.9130, -0.0016, -0.0037, 0.0053, 0.3628, -9.0515, -0.0294
2025-03-05 02:44:06.276454, 320, 240, 5.0170, 0.0000, -0.0101, 0.0011, 0.3628, -9.0712, -0.0490
2025-03-05 02:44:06.309836, 320, 240, 4.8730, 0.0021, -0.0080, 0.0000, 0.3628, -9.0319, -0.0490
2025-03-05 02:44:06.376452, 320, 240, 4.8730, 0.0011, -0.0069, 0.0011, 0.3628, -9.0515, -0.0294
2025-03-05 02:44:06.409894, 320, 240, 4.7000, -0.0005, -0.0069, 0.0048, 0.3628, -9.0712, -0.0294
2025-03-05 02:44:06.476580, 320, 240, 4.8140, -0.0005, -0.0085, 0.0021, 0.3628, -9.0515, -0.0098
2025-03-05 02:44:06.509671, 320, 240, 4.8140, 0.0016, -0.0053, 0.0000, 0.3628, -9.0515, -0.0294
2025-03-05 02:44:06.576436, 320, 240, 4.8730, -0.0005, -0.0096, 0.0064, 0.3628, -9.0712, -0.0294
2025-03-05 02:44:06.608102, 320, 240, 4.8140, -0.0005, -0.0059, 0.0043, 0.3628, -9.0515, -0.0294
2025-03-05 02:44:06.676546, 320, 240, 4.6630, -0.0005, -0.0085, 0.0032, 0.3628, -9.0712, -0.0294
2025-03-05 02:44:06.710064, 320, 240, 4.7370, 0.0032, -0.0133, 0.0032, 0.3628, -9.0515, -0.0294
2025-03-05 02:44:06.776634, 320, 240, 4.8140, -0.0053, -0.0096, 0.0037, 0.3628, -9.0515, -0.0098
2025-03-05 02:44:06.810010, 320, 240, 4.7000, 0.0027, -0.0069, 0.0000, 0.3628, -9.0712, -0.0294
2025-03-05 02:44:06.876435, 320, 240, 4.8140, -0.0011, -0.0053, 0.0053, 0.3628, -9.0712, -0.0294
2025-03-05 02:44:06.910394, 320, 240, 4.8730, 0.0021, -0.0059, 0.0037, 0.3432, -9.0712, -0.0098
2025-03-05 02:44:06.976946, 320, 240, 4.6260, 0.0000, -0.0021, 0.0011, 0.3628, -9.0712, -0.0294
2025-03-05 02:44:07.010122, 320, 240, 4.7370, -0.0032, -0.0091, -0.0016, 0.3628, -9.0515, -0.0098
2025-03-05 02:44:07.075130, 320, 240, 4.8330, -0.0032, -0.0080, 0.0048, 0.3432, -9.0515, -0.0490
2025-03-05 02:44:07.109942, 320, 240, 4.8730, 0.0027, -0.0069, 0.0005, 0.3628, -9.0712, -0.0294
2025-03-05 02:44:07.176486, 320, 240, 4.6090, -0.0011, -0.0064, 0.0027, 0.3628, -9.0712, -0.0098
2025-03-05 02:44:07.210094, 320, 240, 4.7940, -0.0016, -0.0085, 0.0016, 0.3628, -9.0515, -0.0294
2025-03-05 02:44:07.276561, 320, 240, 4.9540, 0.0021, -0.0043, 0.0027, 0.3432, -9.0712, -0.0098
2025-03-05 02:44:07.310295, 320, 240, 4.9960, 0.0037, -0.0085, 0.0021, 0.3628, -9.0712, -0.0098
2025-03-05 02:44:07.376489, 320, 240, 4.8140, 0.0021, -0.0064, 0.0016, 0.3628, -9.0712, -0.0490
2025-03-05 02:44:07.410306, 320, 240, 4.9130, 0.0043, -0.0048, 0.0021, 0.3628, -9.0712, -0.0294
2025-03-05 02:44:07.476936, 320, 240, 4.8530, -0.0016, -0.0069, 0.0027, 0.3432, -9.0515, -0.0490
2025-03-05 02:44:07.510347, 320, 240, 4.9130, 0.0011, -0.0117, -0.0011, 0.3628, -9.0515, -0.0098
2025-03-05 02:44:07.576700, 320, 240, 4.8330, 0.0037, -0.0080, -0.0011, 0.3825, -9.0515, -0.0490
2025-03-05 02:44:07.610217, 320, 240, 4.5210, 0.0027, -0.0069, 0.0000, 0.3628, -9.0515, -0.0294
2025-03-05 02:44:07.677039, 320, 240, 4.9750, -0.0005, -0.0064, 0.0053, 0.3432, -9.0515, -0.0294
2025-03-05 02:44:07.710177, 320, 240, 4.6260, -0.0021, -0.0069, 0.0016, 0.3628, -9.0515, -0.0294
2025-03-05 02:44:07.776544, 320, 240, 4.7000, 0.0000, -0.0048, 0.0021, 0.3628, -9.0515, -0.0294
2025-03-05 02:44:07.810153, 320, 240, 4.8930, -0.0021, -0.0053, 0.0043, 0.3628, -9.0712, -0.0294
2025-03-05 02:44:07.876885, 320, 240, 4.8140, 0.0037, -0.0032, -0.0005, 0.3628, -9.0712, -0.0294
2025-03-05 02:44:07.943041, 320, 240, 4.7000, -0.0011, -0.0069, 0.0037, 0.3628, -9.0515, -0.0490
2025-03-05 02:44:07.977109, 320, 240, 4.7000, -0.0016, -0.0075, 0.0043, 0.3628, -9.0515, -0.0294
2025-03-05 02:44:08.043018, 320, 240, 4.9750, 0.0011, -0.0138, 0.0021, 0.3628, -9.0515, -0.0098
2025-03-05 02:44:08.075672, 320, 240, 4.7560, -0.0005, -0.0053, 0.0043, 0.3432, -9.0712, -0.0294
2025-03-05 02:44:08.144254, 320, 240, 4.9130, -0.0032, -0.0053, 0.0016, 0.3628, -9.0515, -0.0294
2025-03-05 02:44:08.177130, 320, 240, 4.6810, 0.0016, -0.0059, 0.0032, 0.3825, -9.0515, -0.0098
2025-03-05 02:44:08.243859, 320, 240, 4.8530, -0.0021, -0.0101, 0.0016, 0.3628, -9.0712, -0.0490
2025-03-05 02:44:08.277173, 320, 240, 4.9130, -0.0021, -0.0064, 0.0016, 0.3628, -9.0712, -0.0490
2025-03-05 02:44:08.343749, 320, 240, 4.8530, -0.0027, -0.0043, 0.0053, 0.3628, -9.0515, -0.0490
2025-03-05 02:44:08.377160, 320, 240, 4.8530, 0.0043, -0.0064, 0.0053, 0.3628, -9.0515, -0.0098
2025-03-05 02:44:08.442861, 320, 240, 4.8930, 0.0016, -0.0043, -0.0005, 0.3628, -9.0712, -0.0294
2025-03-05 02:44:08.510256, 320, 240, 4.9130, -0.0016, -0.0080, 0.0043, 0.3432, -9.0515, -0.0294
2025-03-05 02:44:08.544039, 320, 240, 4.8330, 0.0037, -0.0085, 0.0053, 0.3628, -9.0712, -0.0490
2025-03-05 02:44:08.610333, 320, 240, 4.5560, 0.0011, -0.0059, 0.0011, 0.3628, -9.0712, -0.0294
2025-03-05 02:44:08.642473, 320, 240, 4.8140, -0.0011, -0.0069, -0.0011, 0.3628, -9.0712, -0.0294
2025-03-05 02:44:08.710702, 320, 240, 4.8730, 0.0016, -0.0075, 0.0027, 0.3628, -9.0712, -0.0294
2025-03-05 02:44:08.744082, 320, 240, 4.6630, 0.0011, -0.0053, 0.0037, 0.3432, -9.0515, -0.0294
2025-03-05 02:44:08.810639, 320, 240, 4.8330, 0.0011, -0.0064, -0.0005, 0.3432, -9.0712, -0.0294
2025-03-05 02:44:08.844083, 320, 240, 4.9540, 0.0021, -0.0085, 0.0027, 0.3628, -9.0515, -0.0294
2025-03-05 02:44:08.911082, 320, 240, 4.9540, 0.0032, -0.0080, 0.0021, 0.3628, -9.0712, -0.0294
2025-03-05 02:44:08.943691, 320, 240, 4.4370, 0.0027, -0.0016, -0.0005, 0.3628, -9.0515, -0.0294
2025-03-05 02:44:09.010713, 320, 240, 4.6810, 0.0016, -0.0048, 0.0021, 0.3432, -9.0515, -0.0294
2025-03-05 02:44:09.043898, 320, 240, 4.8530, 0.0005, -0.0096, 0.0069, 0.3628, -9.0515, -0.0294
2025-03-05 02:44:09.110567, 320, 240, 4.7370, -0.0021, -0.0117, 0.0016, 0.3628, -9.0712, -0.0490
2025-03-05 02:44:09.144263, 320, 240, 4.7560, 0.0005, -0.0037, 0.0016, 0.3628, -9.0515, -0.0294
2025-03-05 02:44:09.211014, 320, 240, 4.8330, -0.0027, -0.0085, 0.0027, 0.3628, -9.0515, -0.0098
2025-03-05 02:44:09.244010, 320, 240, 4.7000, -0.0027, -0.0064, 0.0043, 0.3628, -9.0515, -0.0294
2025-03-05 02:44:09.310487, 320, 240, 4.8730, -0.0016, -0.0096, 0.0027, 0.3628, -9.0712, -0.0490
2025-03-05 02:44:09.410731, 320, 240, 4.9130, -0.0043, -0.0064, 0.0021, 0.3628, -9.0712, -0.0294
2025-03-05 02:44:09.443426, 320, 240, 4.6630, -0.0005, -0.0085, 0.0053, 0.3628, -9.0515, -0.0294
2025-03-05 02:44:09.510671, 320, 240, 4.4200, -0.0032, -0.0069, 0.0027, 0.3628, -9.0515, -0.0294
2025-03-05 02:44:09.544073, 320, 240, 4.7940, -0.0032, -0.0053, 0.0037, 0.3628, -9.0712, -0.0294
2025-03-05 02:44:09.610584, 320, 240, 4.6630, 0.0053, -0.0053, 0.0037, 0.3628, -9.0515, -0.0294
2025-03-05 02:44:09.644359, 320, 240, 4.7370, 0.0000, -0.0107, 0.0021, 0.3628, -9.0712, -0.0294
2025-03-05 02:44:09.710919, 320, 240, 4.9340, 0.0011, -0.0069, -0.0005, 0.3628, -9.0515, -0.0294
2025-03-05 02:44:09.744279, 320, 240, 4.7000, -0.0011, -0.0085, 0.0000, 0.3628, -9.0515, -0.0098
2025-03-05 02:44:09.810606, 320, 240, 4.7560, -0.0005, -0.0053, 0.0043, 0.3825, -9.0712, -0.0294
2025-03-05 02:44:09.844405, 320, 240, 4.8930, -0.0016, -0.0080, -0.0011, 0.3628, -9.0515, -0.0294
2025-03-05 02:44:09.911130, 320, 240, 4.6090, 0.0005, -0.0069, 0.0027, 0.3628, -9.0515, -0.0098
2025-03-05 02:44:09.944355, 320, 240, 4.7560, 0.0005, -0.0117, 0.0027, 0.3628, -9.0515, -0.0294
2025-03-05 02:44:10.011131, 320, 240, 4.8730, -0.0005, -0.0069, 0.0043, 0.3628, -9.0515, -0.0294
2025-03-05 02:44:10.044447, 320, 240, 4.9130, 0.0027, -0.0075, 0.0053, 0.3628, -9.0515, -0.0294
2025-03-05 02:44:10.111147, 320, 240, 4.7560, 0.0032, -0.0032, 0.0011, 0.3628, -9.0515, -0.0294
2025-03-05 02:44:10.144693, 320, 240, 4.8730, 0.0027, -0.0101, 0.0043, 0.3628, -9.0515, -0.0490
2025-03-05 02:44:10.210838, 320, 240, 4.7940, -0.0021, -0.0101, 0.0016, 0.3628, -9.0712, -0.0294
2025-03-05 02:44:10.244833, 320, 240, 4.7560, -0.0016, -0.0069, 0.0032, 0.3628, -9.0515, -0.0294
2025-03-05 02:44:10.311757, 320, 240, 4.7940, 0.0000, -0.0069, 0.0016, 0.3628, -9.0515, -0.0294
2025-03-05 02:44:10.344707, 320, 240, 4.7560, 0.0027, -0.0085, 0.0027, 0.3628, -9.0515, -0.0294
2025-03-05 02:44:10.411455, 320, 240, 4.7560, 0.0005, -0.0064, 0.0043, 0.3628, -9.0712, -0.0098
2025-03-05 02:44:10.443522, 320, 240, 4.6090, -0.0027, -0.0064, 0.0080, 0.3825, -9.0515, -0.0490
2025-03-05 02:44:10.511269, 320, 240, 4.9540, 0.0032, -0.0096, 0.0027, 0.3628, -9.0515, -0.0098
2025-03-05 02:44:10.544859, 320, 240, 4.9540, 0.0021, -0.0069, 0.0043, 0.3628, -9.0908, -0.0294
2025-03-05 02:44:10.611117, 320, 240, 4.6630, 0.0053, -0.0064, 0.0032, 0.3628, -9.0515, -0.0294
2025-03-05 02:44:10.645481, 320, 240, 4.7560, 0.0037, -0.0069, 0.0005, 0.3628, -9.0515, -0.0294
2025-03-05 02:44:10.711513, 320, 240, 4.7560, -0.0005, -0.0048, 0.0021, 0.3628, -9.0515, -0.0294
2025-03-05 02:44:10.744953, 320, 240, 4.7940, 0.0011, -0.0059, 0.0032, 0.3628, -9.0712, -0.0490
2025-03-05 02:44:10.811519, 320, 240, 4.9130, -0.0011, -0.0085, 0.0021, 0.3628, -9.0515, -0.0294
2025-03-05 02:44:10.878252, 320, 240, 4.8730, -0.0011, -0.0064, 0.0043, 0.3825, -9.0515, -0.0294
2025-03-05 02:44:10.911536, 320, 240, 4.8730, 0.0037, -0.0053, 0.0032, 0.3432, -9.0515, -0.0294
2025-03-05 02:44:10.978037, 320, 240, 4.9340, -0.0021, -0.0107, 0.0021, 0.3628, -9.0515, -0.0294
2025-03-05 02:44:11.011729, 320, 240, 4.8730, -0.0011, -0.0059, -0.0021, 0.3628, -9.0515, -0.0490
2025-03-05 02:44:11.077844, 320, 240, 4.9960, 0.0000, -0.0080, 0.0043, 0.3628, -9.0712, -0.0294
2025-03-05 02:44:11.144587, 320, 240, 4.8330, -0.0037, -0.0107, 0.0032, 0.3628, -9.0712, -0.0490
2025-03-05 02:44:11.178416, 320, 240, 5.0170, -0.0005, -0.0037, 0.0037, 0.3628, -9.0712, -0.0294
2025-03-05 02:44:11.244901, 320, 240, 4.8730, 0.0016, -0.0032, 0.0027, 0.3432, -9.0712, -0.0294
2025-03-05 02:44:11.278692, 320, 240, 4.8930, 0.0011, -0.0091, 0.0048, 0.3628, -9.0712, -0.0294
2025-03-05 02:44:11.344802, 320, 240, 4.7560, 0.0021, -0.0069, -0.0005, 0.3628, -9.0515, -0.0098
2025-03-05 02:44:11.378285, 320, 240, 4.9130, 0.0005, -0.0048, -0.0005, 0.3825, -9.0515, -0.0294
2025-03-05 02:44:11.443863, 320, 240, 4.8140, -0.0021, -0.0075, 0.0016, 0.3628, -9.0515, -0.0294
2025-03-05 02:44:11.478530, 320, 240, 4.7940, 0.0021, -0.0123, 0.0053, 0.3628, -9.0515, -0.0098
2025-03-05 02:44:11.544945, 320, 240, 4.5210, 0.0043, -0.0101, 0.0005, 0.3628, -9.0515, -0.0490
2025-03-05 02:44:11.578480, 320, 240, 4.8140, -0.0016, -0.0064, 0.0016, 0.3628, -9.0712, 0.0000
2025-03-05 02:44:11.645039, 320, 240, 4.5210, 0.0000, -0.0107, 0.0016, 0.3628, -9.0515, -0.0294
2025-03-05 02:44:11.711523, 320, 240, 4.8140, -0.0016, -0.0101, -0.0027, 0.3628, -9.0515, -0.0098
2025-03-05 02:44:11.745366, 320, 240, 4.8930, 0.0011, -0.0080, 0.0043, 0.3628, -9.0515, -0.0490
2025-03-05 02:44:11.812113, 320, 240, 4.9750, -0.0037, -0.0037, 0.0021, 0.3825, -9.0515, -0.0490
2025-03-05 02:44:11.845356, 320, 240, 4.7000, -0.0011, -0.0069, -0.0021, 0.3628, -9.0515, -0.0490
2025-03-05 02:44:11.912052, 320, 240, 4.6810, 0.0021, -0.0053, 0.0021, 0.3628, -9.0515, -0.0490
2025-03-05 02:44:11.945093, 320, 240, 4.5560, -0.0016, -0.0080, 0.0053, 0.3432, -9.0712, -0.0294
2025-03-05 02:44:12.012718, 320, 240, 4.8930, -0.0037, -0.0059, 0.0027, 0.3825, -9.0515, -0.0294
2025-03-05 02:44:12.077252, 320, 240, 4.7000, -0.0032, -0.0085, 0.0027, 0.3628, -9.0515, -0.0294
2025-03-05 02:44:12.112783, 320, 240, 4.8930, -0.0005, -0.0101, 0.0037, 0.3432, -9.0712, -0.0294
2025-03-05 02:44:12.178362, 320, 240, 4.7370, 0.0000, -0.0043, -0.0011, 0.3628, -9.0515, -0.0294
2025-03-05 02:44:12.212080, 320, 240, 4.7560, 0.0027, -0.0048, 0.0021, 0.3628, -9.0515, -0.0294
2025-03-05 02:44:12.278648, 320, 240, 4.6630, 0.0032, -0.0037, -0.0005, 0.3432, -9.0515, -0.0294
2025-03-05 02:44:12.312185, 320, 240, 4.8930, 0.0032, -0.0048, 0.0064, 0.3628, -9.0712, -0.0294
2025-03-05 02:44:12.378630, 320, 240, 4.7000, -0.0037, -0.0059, 0.0059, 0.3628, -9.0515, -0.0294
2025-03-05 02:44:12.444087, 320, 240, 4.8530, -0.0027, -0.0096, 0.0021, 0.3825, -9.0515, -0.0294
2025-03-05 02:44:12.478862, 320, 240, 4.8530, -0.0037, -0.0069, 0.0016, 0.3628, -9.0515, -0.0294
2025-03-05 02:44:12.545563, 320, 240, 4.9750, 0.0000, -0.0043, 0.0043, 0.3628, -9.0515, -0.0294
2025-03-05 02:44:12.578820, 320, 240, 4.6260, 0.0021, -0.0069, 0.0043, 0.3628, -9.0712, -0.0098
2025-03-05 02:44:12.645558, 320, 240, 4.9130, 0.0005, -0.0080, 0.0016, 0.3628, -9.0515, -0.0098
2025-03-05 02:44:12.678732, 320, 240, 4.9130, 0.0021, -0.0027, 0.0037, 0.3628, -9.0515, -0.0098
2025-03-05 02:44:12.745609, 320, 240, 4.9130, 0.0011, -0.0128, 0.0043, 0.3628, -9.0712, -0.0294
2025-03-05 02:44:12.778882, 320, 240, 4.9130, -0.0032, -0.0064, 0.0016, 0.3628, -9.0515, -0.0294
2025-03-05 02:44:12.845681, 320, 240, 4.9130, 0.0000, -0.0064, 0.0016, 0.3628, -9.0515, -0.0490
2025-03-05 02:44:12.878861, 320, 240, 4.7940, 0.0000, -0.0043, 0.0021, 0.3432, -9.0515, -0.0490
2025-03-05 02:44:12.945163, 320, 240, 4.8330, 0.0011, -0.0032, 0.0043, 0.3628, -9.0515, -0.0098
2025-03-05 02:44:12.978959, 320, 240, 4.9340, -0.0011, -0.0064, 0.0048, 0.3825, -9.0515, -0.0294
2025-03-05 02:44:13.044837, 320, 240, 4.7940, 0.0000, -0.0053, 0.0021, 0.3628, -9.0712, -0.0294
2025-03-05 02:44:13.077686, 320, 240, 4.8330, 0.0000, -0.0091, 0.0011, 0.3628, -9.0515, -0.0294
2025-03-05 02:44:13.145739, 320, 240, 4.7000, 0.0005, -0.0048, 0.0021, 0.3825, -9.0712, -0.0294
2025-03-05 02:44:13.179097, 320, 240, 4.8140, 0.0011, -0.0064, 0.0043, 0.3628, -9.0712, -0.0098
2025-03-05 02:44:13.246129, 320, 240, 4.8730, 0.0032, -0.0059, 0.0011, 0.3628, -9.0515, -0.0294
2025-03-05 02:44:13.279117, 320, 240, 4.8730, -0.0011, -0.0096, 0.0053, 0.3628, -9.0515, -0.0490
2025-03-05 02:44:13.345580, 320, 240, 4.9340, 0.0032, -0.0096, -0.0011, 0.3628, -9.0515, -0.0294
2025-03-05 02:44:13.379143, 320, 240, 4.7940, 0.0005, -0.0085, 0.0011, 0.3628, -9.0515, -0.0490
2025-03-05 02:44:13.445094, 320, 240, 4.8140, 0.0005, -0.0059, 0.0048, 0.3628, -9.0515, -0.0294
2025-03-05 02:44:13.477591, 320, 240, 4.8330, -0.0005, -0.0037, 0.0027, 0.3628, -9.0515, -0.0294
2025-03-05 02:44:13.545990, 320, 240, 4.6260, 0.0037, -0.0069, -0.0011, 0.3628, -9.0515, -0.0490
2025-03-05 02:44:13.579687, 320, 240, 4.9340, 0.0011, -0.0059, 0.0037, 0.3628, -9.0515, -0.0490
2025-03-05 02:44:13.646276, 320, 240, 4.8140, 0.0011, -0.0112, 0.0037, 0.3825, -9.0712, -0.0294
2025-03-05 02:44:13.679799, 320, 240, 4.8330, -0.0059, -0.0075, 0.0037, 0.3628, -9.0712, -0.0294
2025-03-05 02:44:13.746457, 320, 240, 4.7940, 0.0016, -0.0059, 0.0021, 0.3825, -9.0515, -0.0098
2025-03-05 02:44:13.779526, 320, 240, 4.6810, -0.0011, -0.0085, 0.0011, 0.3628, -9.0515, -0.0294
2025-03-05 02:44:13.846011, 320, 240, 4.7560, -0.0027, -0.0091, 0.0053, 0.3432, -9.0515, -0.0294
2025-03-05 02:44:13.879541, 320, 240, 4.7370, -0.0016, -0.0107, 0.0027, 0.3628, -9.0515, -0.0490
2025-03-05 02:44:13.945563, 320, 240, 4.8930, -0.0011, -0.0069, 0.0021, 0.3628, -9.0712, -0.0098
2025-03-05 02:44:13.979409, 320, 240, 4.7940, 0.0000, -0.0037, 0.0011, 0.3628, -9.0712, -0.0294
2025-03-05 02:44:14.045810, 320, 240, 4.7000, -0.0011, -0.0080, 0.0032, 0.3628, -9.0712, -0.0490
2025-03-05 02:44:14.077729, 320, 240, 4.8140, 0.0000, -0.0048, -0.0005, 0.3628, -9.0515, -0.0294
2025-03-05 02:44:14.146121, 320, 240, 4.7000, -0.0021, -0.0091, 0.0027, 0.3628, -9.0712, -0.0294
2025-03-05 02:44:14.179559, 320, 240, 4.9130, 0.0021, -0.0117, 0.0053, 0.3628, -9.0515, -0.0294
2025-03-05 02:44:14.246208, 320, 240, 4.7370, 0.0005, -0.0032, 0.0027, 0.3628, -9.0712, -0.0294
2025-03-05 02:44:14.279685, 320, 240, 4.7000, -0.0027, -0.0059, 0.0032, 0.3628, -9.0712, -0.0098
2025-03-05 02:44:14.412560, 320, 240, 4.7940, 0.0005, -0.0075, 0.0027, 0.3628, -9.0712, -0.0294
2025-03-05 02:44:14.444763, 320, 240, 4.8330, 0.0011, -0.0080, 0.0021, 0.3628, -9.0515, -0.0294
2025-03-05 02:44:14.512845, 320, 240, 4.6090, 0.0027, -0.0075, 0.0021, 0.3825, -9.0515, -0.0294
2025-03-05 02:44:14.546726, 320, 240, 4.9960, 0.0059, -0.0043, 0.0037, 0.3628, -9.0515, -0.0294
2025-03-05 02:44:14.712923, 320, 240, 4.7000, 0.0005, -0.0085, 0.0000, 0.3825, -9.0515, -0.0294
2025-03-05 02:44:14.745254, 320, 240, 4.7370, -0.0021, -0.0016, 0.0037, 0.3628, -9.0712, -0.0294
2025-03-05 02:44:14.812958, 320, 240, 4.7940, -0.0005, -0.0064, 0.0027, 0.3628, -9.0908, -0.0490
2025-03-05 02:44:14.846773, 320, 240, 4.8930, 0.0005, -0.0112, 0.0011, 0.3825, -9.0515, -0.0294
2025-03-05 02:44:15.013033, 320, 240, 4.9130, -0.0016, -0.0043, 0.0059, 0.3628, -9.0515, -0.0294
2025-03-05 02:44:15.046581, 320, 240, 4.8930, -0.0032, -0.0075, 0.0027, 0.3628, -9.0712, -0.0490
2025-03-05 02:44:15.513056, 320, 240, 4.6810, 0.0037, -0.0037, 0.0016, 0.3628, -9.0515, -0.0294
2025-03-05 02:44:15.546801, 320, 240, 4.8330, -0.0011, -0.0091, 0.0053, 0.3628, -9.0712, -0.0294
2025-03-05 02:44:15.613314, 320, 240, 4.8530, -0.0011, -0.0085, 0.0027, 0.3628, -9.0515, -0.0294
2025-03-05 02:44:15.646933, 320, 240, 4.9130, 0.0000, -0.0043, 0.0027, 0.3628, -9.0712, -0.0294
2025-03-05 02:44:15.813621, 320, 240, 4.7940, 0.0021, -0.0037, 0.0027, 0.3628, -9.0712, -0.0294
2025-03-05 02:44:15.846969, 320, 240, 4.9340, 0.0000, -0.0075, -0.0011, 0.3628, -9.0515, -0.0294
2025-03-05 02:44:15.913870, 320, 240, 4.8730, -0.0037, -0.0059, 0.0005, 0.3628, -9.0515, -0.0294
2025-03-05 02:44:15.946665, 320, 240, 4.7940, -0.0011, -0.0085, 0.0043, 0.3628, -9.0515, -0.0294
2025-03-05 02:44:16.078942, 320, 240, 4.9340, 0.0000, -0.0069, 0.0011, 0.3628, -9.0515, -0.0294
2025-03-05 02:44:16.113365, 320, 240, 4.8930, -0.0005, -0.0053, 0.0011, 0.3628, -9.0515, -0.0490
2025-03-05 02:44:16.180178, 320, 240, 4.8730, 0.0011, -0.0075, -0.0021, 0.3628, -9.0319, -0.0294
2025-03-05 02:44:16.212831, 320, 240, 4.9540, 0.0021, -0.0064, 0.0011, 0.3628, -9.0712, -0.0294
2025-03-05 02:44:16.280337, 320, 240, 4.7940, -0.0021, -0.0133, 0.0037, 0.3628, -9.0515, -0.0294
2025-03-05 02:44:16.513103, 320, 240, 4.6260, -0.0005, -0.0123, 0.0000, 0.3628, -9.0712, -0.0490
2025-03-05 02:44:16.546908, 320, 240, 4.7000, 0.0005, -0.0069, 0.0059, 0.3628, -9.0712, -0.0294
2025-03-05 02:44:16.613421, 320, 240, 4.6090, -0.0053, -0.0091, 0.0011, 0.3825, -9.0515, -0.0294
2025-03-05 02:44:16.646975, 320, 240, 4.9130, -0.0016, -0.0123, 0.0037, 0.3628, -9.0712, -0.0294
2025-03-05 02:44:16.713735, 320, 240, 4.7940, 0.0016, -0.0096, -0.0005, 0.3628, -9.0515, -0.0294
2025-03-05 02:44:16.747090, 320, 240, 4.7940, -0.0011, -0.0085, 0.0043, 0.3628, -9.0515, -0.0294
2025-03-05 02:44:16.813968, 320, 240, 4.8530, -0.0016, -0.0080, 0.0048, 0.3628, -9.0515, -0.0490
2025-03-05 02:44:16.847439, 320, 240, 4.9540, -0.0005, -0.0069, -0.0005, 0.3628, -9.0515, -0.0490
2025-03-05 02:44:16.914084, 320, 240, 4.7940, -0.0021, -0.0043, 0.0032, 0.3628, -9.0515, -0.0490
2025-03-05 02:44:16.947385, 320, 240, 4.8330, 0.0027, -0.0080, 0.0016, 0.3628, -9.0712, -0.0686
2025-03-05 02:44:17.013752, 320, 240, 4.8140, -0.0027, -0.0059, -0.0011, 0.3432, -9.0712, -0.0098
2025-03-05 02:44:17.047714, 320, 240, 4.9340, -0.0005, -0.0053, 0.0016, 0.3628, -9.0712, -0.0294
2025-03-05 02:44:17.113527, 320, 240, 4.6810, 0.0011, -0.0059, 0.0037, 0.3628, -9.0712, -0.0294
2025-03-05 02:44:17.147362, 320, 240, 5.0170, -0.0011, -0.0053, 0.0037, 0.3628, -9.0712, -0.0490
2025-03-05 02:44:17.214180, 320, 240, 4.7370, -0.0027, -0.0053, -0.0005, 0.3628, -9.0515, -0.0294
2025-03-05 02:44:17.247683, 320, 240, 4.7940, -0.0005, -0.0117, -0.0016, 0.3432, -9.0515, -0.0294
2025-03-05 02:44:17.313989, 320, 240, 4.8930, 0.0021, -0.0107, 0.0048, 0.3628, -9.0515, -0.0294
2025-03-05 02:44:17.347408, 320, 240, 4.8530, 0.0005, -0.0075, 0.0037, 0.3628, -9.0515, -0.0490
2025-03-05 02:44:17.414098, 320, 240, 4.9130, 0.0011, -0.0043, 0.0005, 0.3628, -9.0515, -0.0490
2025-03-05 02:44:17.446264, 320, 240, 4.7560, 0.0011, -0.0123, 0.0064, 0.3628, -9.0712, -0.0294
2025-03-05 02:44:17.513984, 320, 240, 4.9340, -0.0005, -0.0075, 0.0043, 0.3628, -9.0515, -0.0098
2025-03-05 02:44:17.547413, 320, 240, 4.8330, -0.0043, -0.0064, 0.0059, 0.3628, -9.0515, -0.0490
2025-03-05 02:44:17.613864, 320, 240, 4.9130, -0.0016, -0.0075, 0.0021, 0.3432, -9.0515, -0.0098
2025-03-05 02:44:17.647751, 320, 240, 4.8330, -0.0011, -0.0053, 0.0043, 0.3628, -9.0712, -0.0294
2025-03-05 02:44:17.714414, 320, 240, 4.9130, 0.0016, -0.0075, 0.0016, 0.3628, -9.0515, -0.0294
2025-03-05 02:44:17.747593, 320, 240, 4.8530, -0.0037, -0.0027, 0.0011, 0.3628, -9.0515, -0.0098
2025-03-05 02:44:17.814119, 320, 240, 4.9130, 0.0005, -0.0037, 0.0016, 0.3628, -9.0515, -0.0294
2025-03-05 02:44:17.847814, 320, 240, 4.8140, 0.0000, -0.0037, -0.0005, 0.3628, -9.0515, -0.0294
2025-03-05 02:44:17.914808, 320, 240, 4.9960, 0.0016, -0.0064, 0.0032, 0.3628, -9.0712, -0.0098
2025-03-05 02:44:17.947499, 320, 240, 4.7560, 0.0005, -0.0085, 0.0059, 0.3628, -9.0515, -0.0294
2025-03-05 02:44:18.014176, 320, 240, 4.7370, -0.0032, -0.0043, 0.0011, 0.3628, -9.0712, -0.0294
2025-03-05 02:44:18.046888, 320, 240, 4.8930, 0.0005, -0.0085, -0.0005, 0.3628, -9.0319, -0.0294
2025-03-05 02:44:18.114568, 320, 240, 4.7370, -0.0027, -0.0069, 0.0005, 0.3628, -9.0712, -0.0294
2025-03-05 02:44:18.147954, 320, 240, 4.9750, 0.0027, -0.0085, 0.0011, 0.3628, -9.0515, -0.0098
2025-03-05 02:44:18.214066, 320, 240, 4.7560, -0.0011, -0.0027, 0.0016, 0.3628, -9.0515, -0.0294
2025-03-05 02:44:18.247730, 320, 240, 4.8330, -0.0005, -0.0064, 0.0016, 0.3628, -9.0712, -0.0294
2025-03-05 02:44:18.314067, 320, 240, 4.8930, 0.0021, -0.0091, 0.0059, 0.3628, -9.0712, -0.0098
2025-03-05 02:44:18.347766, 320, 240, 4.7560, 0.0021, -0.0059, 0.0059, 0.3628, -9.0515, -0.0294
2025-03-05 02:44:18.414372, 320, 240, 4.8730, 0.0032, -0.0069, -0.0016, 0.3825, -9.0515, -0.0294
2025-03-05 02:44:18.446627, 320, 240, 4.8140, -0.0021, -0.0075, 0.0032, 0.3628, -9.0515, -0.0294
2025-03-05 02:44:18.514387, 320, 240, 5.0810, 0.0032, -0.0043, 0.0032, 0.3628, -9.0515, -0.0294
2025-03-05 02:44:18.547985, 320, 240, 4.7000, 0.0021, -0.0064, -0.0005, 0.3628, -9.0712, -0.0294
2025-03-05 02:44:18.614144, 320, 240, 4.7940, 0.0027, -0.0059, 0.0005, 0.3628, -9.0515, -0.0294
2025-03-05 02:44:18.648144, 320, 240, 4.8140, 0.0016, -0.0059, 0.0005, 0.3628, -9.0515, -0.0294
2025-03-05 02:44:18.715186, 320, 240, 4.8140, 0.0000, -0.0059, 0.0027, 0.3432, -9.0515, -0.0294
2025-03-05 02:44:18.748748, 320, 240, 4.7940, -0.0027, -0.0069, -0.0005, 0.3628, -9.0515, -0.0294
2025-03-05 02:44:18.813099, 320, 240, 4.7940, 0.0027, -0.0059, 0.0016, 0.3628, -9.0712, -0.0294
2025-03-05 02:44:18.848297, 320, 240, 4.7940, -0.0027, -0.0069, 0.0037, 0.3628, -9.0712, -0.0294
2025-03-05 02:44:18.914705, 320, 240, 4.8730, -0.0037, -0.0080, 0.0069, 0.3628, -9.0712, -0.0294
2025-03-05 02:44:18.948118, 320, 240, 4.7370, -0.0005, -0.0096, 0.0021, 0.3825, -9.0515, -0.0294
2025-03-05 02:44:19.014770, 320, 240, 4.7000, -0.0027, -0.0112, 0.0011, 0.3628, -9.0515, -0.0490
2025-03-05 02:44:19.048159, 320, 240, 4.8140, -0.0037, -0.0075, 0.0000, 0.3628, -9.0515, -0.0294
2025-03-05 02:44:19.114878, 320, 240, 4.8930, 0.0016, -0.0064, 0.0011, 0.3628, -9.0712, -0.0686
2025-03-05 02:44:19.148396, 320, 240, 4.9540, -0.0016, -0.0085, 0.0043, 0.3628, -9.0515, -0.0294
2025-03-05 02:44:19.215178, 320, 240, 4.7560, 0.0021, -0.0059, 0.0005, 0.3628, -9.0319, -0.0294
2025-03-05 02:44:19.248483, 320, 240, 4.9540, 0.0000, -0.0053, 0.0005, 0.3628, -9.0712, -0.0098
2025-03-05 02:44:19.315079, 320, 240, 4.8530, 0.0032, -0.0053, 0.0032, 0.3628, -9.0515, -0.0294
2025-03-05 02:44:19.348786, 320, 240, 4.5730, -0.0016, -0.0064, 0.0016, 0.3432, -9.0515, -0.0098
2025-03-05 02:44:19.414954, 320, 240, 4.8530, 0.0016, -0.0096, 0.0064, 0.3628, -9.0515, -0.0490
2025-03-05 02:44:19.446849, 320, 240, 4.8140, -0.0011, -0.0096, 0.0032, 0.3432, -9.0319, -0.0294
2025-03-05 02:44:19.515009, 320, 240, 4.8530, 0.0021, -0.0101, 0.0032, 0.3628, -9.0712, -0.0098
2025-03-05 02:44:19.548751, 320, 240, 4.8140, -0.0027, -0.0037, 0.0000, 0.3628, -9.0515, -0.0294
2025-03-05 02:44:19.614858, 320, 240, 4.8330, 0.0053, -0.0069, 0.0032, 0.3628, -9.0712, -0.0294
2025-03-05 02:44:19.648757, 320, 240, 4.8530, 0.0005, -0.0064, 0.0053, 0.3825, -9.0515, -0.0490
2025-03-05 02:44:19.714872, 320, 240, 4.5210, 0.0000, -0.0059, 0.0037, 0.3628, -9.0712, -0.0098
2025-03-05 02:44:19.746812, 320, 240, 4.9340, 0.0005, -0.0075, 0.0027, 0.3628, -9.0515, -0.0294
2025-03-05 02:44:19.815042, 320, 240, 4.8930, -0.0016, -0.0117, 0.0000, 0.3628, -9.0712, -0.0294
2025-03-05 02:44:19.848450, 320, 240, 4.9130, -0.0016, -0.0059, 0.0037, 0.3432, -9.0515, -0.0098
2025-03-05 02:44:19.915089, 320, 240, 4.8330, 0.0005, -0.0091, 0.0048, 0.3628, -9.0515, -0.0294
2025-03-05 02:44:19.948474, 320, 240, 4.9340, 0.0005, -0.0075, 0.0032, 0.3628, -9.0515, -0.0294
2025-03-05 02:44:20.015321, 320, 240, 4.8930, 0.0011, -0.0069, 0.0032, 0.3628, -9.0515, -0.0098
2025-03-05 02:44:20.048659, 320, 240, 4.6810, 0.0011, -0.0037, 0.0027, 0.3628, -9.0515, -0.0294
2025-03-05 02:44:20.115222, 320, 240, 4.8930, 0.0032, -0.0075, 0.0016, 0.3628, -9.0712, -0.0490
2025-03-05 02:44:20.148840, 320, 240, 4.7560, -0.0016, -0.0080, 0.0048, 0.3628, -9.0515, -0.0294
2025-03-05 02:44:20.215676, 320, 240, 4.6260, -0.0011, -0.0123, 0.0011, 0.3628, -9.0515, -0.0098
2025-03-05 02:44:20.249250, 320, 240, 4.8140, 0.0011, -0.0069, 0.0021, 0.3432, -9.0515, -0.0098
2025-03-05 02:44:20.315266, 320, 240, 4.7560, 0.0005, -0.0091, 0.0032, 0.3432, -9.0515, -0.0098
2025-03-05 02:44:20.548735, 320, 240, 4.9130, 0.0011, -0.0107, 0.0032, 0.3628, -9.0515, -0.0490
2025-03-05 02:44:20.582523, 320, 240, 4.5210, -0.0059, -0.0064, 0.0053, 0.3628, -9.0515, -0.0294
2025-03-05 02:44:20.649204, 320, 240, 4.9960, -0.0016, -0.0091, 0.0000, 0.3628, -9.0515, -0.0294
2025-03-05 02:44:20.682380, 320, 240, 4.7560, -0.0016, -0.0075, 0.0059, 0.3628, -9.0515, -0.0294
2025-03-05 02:44:20.748639, 320, 240, 4.8530, 0.0005, -0.0096, 0.0053, 0.3628, -9.0515, -0.0294
2025-03-05 02:44:20.781955, 320, 240, 4.8140, -0.0021, -0.0128, 0.0027, 0.3628, -9.0712, -0.0294
2025-03-05 02:44:20.847703, 320, 240, 4.8330, -0.0021, -0.0085, 0.0016, 0.3628, -9.0515, -0.0098
2025-03-05 02:44:20.882326, 320, 240, 4.6260, 0.0027, -0.0091, 0.0053, 0.3628, -9.0712, -0.0294
2025-03-05 02:44:20.948512, 320, 240, 4.7560, 0.0005, -0.0027, 0.0000, 0.3628, -9.0712, -0.0294
2025-03-05 02:44:20.982166, 320, 240, 4.9340, 0.0005, -0.0101, 0.0016, 0.3628, -9.0515, -0.0294
2025-03-05 02:44:21.048805, 320, 240, 4.7000, 0.0000, -0.0075, 0.0011, 0.3628, -9.0712, -0.0490
2025-03-05 02:44:21.080702, 320, 240, 4.7370, 0.0005, -0.0048, 0.0027, 0.3628, -9.0515, -0.0294
2025-03-05 02:44:21.149020, 320, 240, 4.8140, 0.0011, -0.0107, 0.0027, 0.3628, -9.0515, -0.0294
2025-03-05 02:44:21.182215, 320, 240, 4.8530, 0.0011, -0.0069, 0.0059, 0.3628, -9.0515, -0.0490
2025-03-05 02:44:21.248974, 320, 240, 4.9340, 0.0000, -0.0032, 0.0032, 0.3825, -9.0515, -0.0294
2025-03-05 02:44:21.282129, 320, 240, 4.8730, 0.0021, -0.0096, 0.0037, 0.3628, -9.0515, -0.0490
2025-03-05 02:44:21.349344, 320, 240, 4.7000, -0.0011, -0.0091, 0.0005, 0.3628, -9.0515, -0.0098
2025-03-05 02:44:21.382891, 320, 240, 4.4870, 0.0005, -0.0096, 0.0016, 0.3628, -9.0712, -0.0490
2025-03-05 02:44:21.448562, 320, 240, 4.6810, 0.0032, -0.0064, 0.0005, 0.3432, -9.0712, -0.0294
2025-03-05 02:44:21.482710, 320, 240, 4.7370, 0.0016, -0.0069, 0.0032, 0.3628, -9.0712, -0.0294
2025-03-05 02:44:21.549055, 320, 240, 4.6260, 0.0005, -0.0117, 0.0080, 0.3628, -9.0712, -0.0098
2025-03-05 02:44:21.582471, 320, 240, 4.8730, -0.0021, -0.0053, 0.0027, 0.3628, -9.0515, -0.0294
2025-03-05 02:44:21.648962, 320, 240, 4.9130, 0.0037, -0.0069, 0.0027, 0.3825, -9.0712, -0.0490
2025-03-05 02:44:21.682615, 320, 240, 5.0380, -0.0064, -0.0107, -0.0005, 0.3628, -9.0712, -0.0294
2025-03-05 02:44:21.749737, 320, 240, 4.5730, -0.0037, -0.0085, 0.0048, 0.3432, -9.0712, -0.0294
2025-03-05 02:44:21.782768, 320, 240, 4.5560, -0.0043, -0.0096, -0.0005, 0.3628, -9.0515, -0.0490
2025-03-05 02:44:21.849422, 320, 240, 4.7370, 0.0000, -0.0080, 0.0021, 0.3825, -9.0515, -0.0294
2025-03-05 02:44:21.882512, 320, 240, 4.8330, 0.0021, -0.0085, 0.0064, 0.3825, -9.0515, -0.0294
2025-03-05 02:44:21.949559, 320, 240, 4.9960, 0.0021, -0.0085, -0.0011, 0.3628, -9.0515, -0.0294
2025-03-05 02:44:21.982846, 320, 240, 4.8140, 0.0000, -0.0053, -0.0011, 0.3628, -9.0515, -0.0294
2025-03-05 02:44:22.049358, 320, 240, 4.7370, 0.0011, -0.0085, 0.0011, 0.3628, -9.0515, -0.0294
2025-03-05 02:44:22.081443, 320, 240, 4.6090, -0.0011, -0.0069, 0.0027, 0.3628, -9.0515, -0.0490
2025-03-05 02:44:22.149482, 320, 240, 4.8140, -0.0005, -0.0053, 0.0016, 0.3628, -9.0712, -0.0098
2025-03-05 02:44:22.182919, 320, 240, 4.9750, 0.0032, -0.0080, 0.0011, 0.3628, -9.0515, -0.0294
2025-03-05 02:44:22.249496, 320, 240, 4.7940, 0.0032, -0.0112, -0.0021, 0.3628, -9.0515, -0.0294
2025-03-05 02:44:22.283192, 320, 240, 4.8140, -0.0011, -0.0059, 0.0048, 0.3628, -9.0515, -0.0294
2025-03-05 02:44:22.349057, 320, 240, 4.8530, 0.0005, -0.0043, 0.0000, 0.3628, -9.0515, -0.0294
2025-03-05 02:44:22.382950, 320, 240, 4.6260, -0.0011, -0.0117, 0.0053, 0.3628, -9.0515, -0.0294
2025-03-05 02:44:22.448653, 320, 240, 4.6260, -0.0037, -0.0096, 0.0043, 0.3628, -9.0515, -0.0294
2025-03-05 02:44:22.482603, 320, 240, 4.6260, -0.0016, -0.0053, 0.0021, 0.3628, -9.0515, -0.0294
2025-03-05 02:44:22.549462, 320, 240, 4.8330, 0.0021, -0.0069, 0.0021, 0.3628, -9.0515, -0.0098
2025-03-05 02:44:22.583037, 320, 240, 4.7000, 0.0000, -0.0107, 0.0021, 0.3628, -9.0515, -0.0294
2025-03-05 02:44:22.649791, 320, 240, 4.8930, 0.0016, -0.0069, 0.0064, 0.3628, -9.0515, -0.0294
2025-03-05 02:44:22.683157, 320, 240, 4.8330, -0.0027, -0.0059, 0.0000, 0.3432, -9.0515, -0.0294
2025-03-05 02:44:22.749902, 320, 240, 4.9750, -0.0021, -0.0096, 0.0037, 0.3628, -9.0515, -0.0294
2025-03-05 02:44:22.783036, 320, 240, 4.9130, 0.0005, -0.0053, 0.0043, 0.3628, -9.0515, -0.0294
2025-03-05 02:44:22.848114, 320, 240, 4.8530, -0.0011, -0.0011, 0.0048, 0.3628, -9.0515, -0.0294
2025-03-05 02:44:22.882690, 320, 240, 4.9130, -0.0016, -0.0069, 0.0032, 0.3825, -9.0515, -0.0490
2025-03-05 02:44:22.950095, 320, 240, 5.0170, 0.0016, -0.0037, -0.0011, 0.3628, -9.0515, -0.0490
2025-03-05 02:44:22.983337, 320, 240, 4.9130, -0.0011, -0.0075, 0.0043, 0.3432, -9.0515, -0.0294
2025-03-05 02:44:23.048867, 320, 240, 4.8330, 0.0016, -0.0064, 0.0021, 0.3628, -9.0515, -0.0294
2025-03-05 02:44:23.081607, 320, 240, 4.8330, -0.0021, -0.0085, 0.0016, 0.3432, -9.0515, -0.0294
2025-03-05 02:44:23.149770, 320, 240, 4.9340, 0.0021, -0.0059, 0.0016, 0.3628, -9.0712, -0.0098
2025-03-05 02:44:23.183273, 320, 240, 5.0170, 0.0000, -0.0128, -0.0005, 0.3628, -9.0515, -0.0294
2025-03-05 02:44:23.249995, 320, 240, 4.6260, 0.0032, -0.0032, 0.0021, 0.3628, -9.0712, -0.0490
2025-03-05 02:44:23.283223, 320, 240, 4.9130, -0.0032, -0.0107, 0.0037, 0.3628, -9.0712, -0.0294
2025-03-05 02:44:23.349687, 320, 240, 4.8140, -0.0011, -0.0053, -0.0011, 0.3628, -9.0712, -0.0490
2025-03-05 02:44:23.383356, 320, 240, 4.9960, 0.0021, -0.0080, 0.0011, 0.3432, -9.0515, -0.0294
2025-03-05 02:44:23.448751, 320, 240, 4.8330, -0.0021, -0.0069, 0.0037, 0.3628, -9.0515, -0.0294
2025-03-05 02:44:23.483565, 320, 240, 4.8140, -0.0005, -0.0064, 0.0048, 0.3628, -9.0712, -0.0294
2025-03-05 02:44:23.549911, 320, 240, 4.8530, 0.0053, -0.0101, 0.0037, 0.3628, -9.0712, -0.0490
2025-03-05 02:44:23.583590, 320, 240, 4.8140, -0.0043, -0.0085, 0.0043, 0.3628, -9.0712, -0.0294
2025-03-05 02:44:23.650141, 320, 240, 4.7940, 0.0016, -0.0091, 0.0011, 0.3628, -9.0515, -0.0098
2025-03-05 02:44:23.683620, 320, 240, 4.7000, 0.0016, -0.0053, 0.0021, 0.3628, -9.0712, -0.0098
2025-03-05 02:44:23.750639, 320, 240, 4.8530, 0.0027, -0.0096, 0.0016, 0.3628, -9.0712, -0.0294
2025-03-05 02:44:23.783626, 320, 240, 4.9130, -0.0011, -0.0080, 0.0016, 0.3628, -9.0515, -0.0490
2025-03-05 02:44:23.850162, 320, 240, 4.7370, 0.0021, -0.0096, -0.0011, 0.3628, -9.0515, -0.0294
2025-03-05 02:44:23.883559, 320, 240, 4.7000, 0.0011, -0.0075, 0.0021, 0.3628, -9.0515, -0.0490
2025-03-05 02:44:23.949969, 320, 240, 4.9130, -0.0027, -0.0075, 0.0032, 0.3628, -9.0319, -0.0490
2025-03-05 02:44:23.983458, 320, 240, 4.6260, 0.0059, -0.0064, 0.0027, 0.3628, -9.0712, -0.0098
2025-03-05 02:44:24.049887, 320, 240, 4.5730, -0.0016, -0.0075, 0.0021, 0.3628, -9.0515, -0.0490
2025-03-05 02:44:24.082537, 320, 240, 4.9540, 0.0027, -0.0069, -0.0016, 0.3628, -9.0712, -0.0294
2025-03-05 02:44:24.150557, 320, 240, 4.7560, 0.0016, -0.0069, 0.0032, 0.3628, -9.0515, -0.0294
2025-03-05 02:44:24.183586, 320, 240, 4.8730, 0.0000, -0.0064, 0.0043, 0.3628, -9.0515, -0.0294
2025-03-05 02:44:24.250464, 320, 240, 4.8730, -0.0021, -0.0053, 0.0021, 0.3628, -9.0319, -0.0294
2025-03-05 02:44:24.283686, 320, 240, 4.8930, 0.0027, -0.0043, 0.0021, 0.3628, -9.0712, -0.0294
2025-03-05 02:44:24.350239, 320, 240, 4.7370, -0.0005, -0.0053, 0.0021, 0.3628, -9.0515, -0.0294
2025-03-05 02:44:24.383511, 320, 240, 4.8530, 0.0027, -0.0059, 0.0021, 0.3628, -9.0712, -0.0294
2025-03-05 02:44:24.449339, 320, 240, 4.7370, -0.0011, -0.0069, -0.0005, 0.3628, -9.0515, -0.0490
2025-03-05 02:44:24.482431, 320, 240, 4.7370, 0.0011, -0.0048, 0.0016, 0.3825, -9.0515, -0.0294
2025-03-05 02:44:24.550432, 320, 240, 4.7370, 0.0021, -0.0075, 0.0032, 0.3628, -9.0515, -0.0294
2025-03-05 02:44:24.584182, 320, 240, 4.6630, 0.0005, -0.0059, 0.0048, 0.3628, -9.0515, -0.0294
2025-03-05 02:44:24.650640, 320, 240, 4.7940, -0.0027, -0.0080, 0.0053, 0.3628, -9.0319, -0.0098
2025-03-05 02:44:24.683096, 320, 240, 4.8530, 0.0005, -0.0101, 0.0027, 0.3628, -9.0515, -0.0490
2025-03-05 02:44:24.750740, 320, 240, 4.9130, 0.0000, -0.0064, 0.0048, 0.3628, -9.0515, -0.0294
2025-03-05 02:44:24.783791, 320, 240, 4.8140, -0.0005, -0.0080, 0.0043, 0.3628, -9.0515, -0.0098
2025-03-05 02:44:24.850570, 320, 240, 4.7560, 0.0005, -0.0064, -0.0016, 0.3628, -9.0712, -0.0294
2025-03-05 02:44:24.882345, 320, 240, 4.7000, 0.0000, -0.0107, 0.0037, 0.3628, -9.0515, -0.0294
2025-03-05 02:44:24.950676, 320, 240, 4.8140, 0.0005, -0.0043, 0.0021, 0.3628, -9.0515, -0.0490
2025-03-05 02:44:24.983970, 320, 240, 4.9340, 0.0032, -0.0091, 0.0043, 0.3628, -9.0515, -0.0098
2025-03-05 02:44:25.050592, 320, 240, 4.9130, -0.0027, -0.0064, 0.0021, 0.3628, -9.0712, -0.0294
2025-03-05 02:44:25.082898, 320, 240, 4.7370, 0.0021, -0.0027, 0.0048, 0.3628, -9.0712, -0.0294
2025-03-05 02:44:25.150710, 320, 240, 4.6260, -0.0011, -0.0091, 0.0027, 0.3628, -9.0515, -0.0294
2025-03-05 02:44:25.184069, 320, 240, 4.8730, 0.0021, -0.0091, -0.0011, 0.3628, -9.0712, -0.0294
2025-03-05 02:44:25.250740, 320, 240, 4.8530, -0.0048, -0.0101, 0.0059, 0.3628, -9.0515, -0.0294
2025-03-05 02:44:25.284233, 320, 240, 4.7560, 0.0016, -0.0043, 0.0016, 0.3628, -9.0515, -0.0294
2025-03-05 02:44:25.350306, 320, 240, 4.9340, -0.0027, -0.0048, 0.0021, 0.3628, -9.0515, -0.0294
2025-03-05 02:44:25.384392, 320, 240, 4.5730, 0.0011, -0.0048, -0.0005, 0.3628, -9.0319, -0.0490
2025-03-05 02:44:25.449593, 320, 240, 4.6810, 0.0021, -0.0101, 0.0016, 0.3432, -9.0515, -0.0294
2025-03-05 02:44:25.484080, 320, 240, 4.9540, -0.0032, -0.0053, 0.0037, 0.3432, -9.0515, -0.0294
2025-03-05 02:44:25.550708, 320, 240, 4.6630, -0.0037, -0.0080, 0.0032, 0.3628, -9.0712, -0.0490
2025-03-05 02:44:25.584096, 320, 240, 4.8140, -0.0005, -0.0053, 0.0043, 0.3628, -9.0515, -0.0294
2025-03-05 02:44:25.650920, 320, 240, 4.7000, 0.0043, -0.0027, 0.0000, 0.3628, -9.0515, -0.0294
2025-03-05 02:44:25.684298, 320, 240, 4.9130, -0.0011, -0.0085, 0.0021, 0.3628, -9.0515, -0.0490
2025-03-05 02:44:25.750661, 320, 240, 4.8330, -0.0005, -0.0043, 0.0048, 0.3432, -9.0515, -0.0294
2025-03-05 02:44:25.784601, 320, 240, 4.8140, 0.0021, -0.0048, 0.0005, 0.3825, -9.0515, -0.0294
2025-03-05 02:44:25.850886, 320, 240, 4.8140, -0.0005, -0.0085, 0.0037, 0.3628, -9.0712, -0.0294
2025-03-05 02:44:25.884693, 320, 240, 4.9960, 0.0005, -0.0064, 0.0027, 0.3628, -9.0515, -0.0098
2025-03-05 02:44:25.950683, 320, 240, 4.6810, -0.0027, -0.0107, -0.0005, 0.3628, -9.0712, -0.0294
2025-03-05 02:44:25.984579, 320, 240, 4.8530, -0.0011, -0.0091, 0.0021, 0.3628, -9.0515, -0.0294
2025-03-05 02:44:26.051216, 320, 240, 4.8140, 0.0016, -0.0112, 0.0043, 0.3628, -9.0515, -0.0294
2025-03-05 02:44:26.082806, 320, 240, 4.7560, -0.0005, -0.0069, 0.0053, 0.3628, -9.0712, -0.0490
2025-03-05 02:44:26.151396, 320, 240, 4.6810, -0.0005, -0.0080, 0.0011, 0.3825, -9.0319, -0.0294
2025-03-05 02:44:26.184673, 320, 240, 4.7940, 0.0021, -0.0027, 0.0032, 0.3628, -9.0712, -0.0098
2025-03-05 02:44:26.251198, 320, 240, 4.6630, 0.0048, -0.0085, 0.0037, 0.3628, -9.0515, -0.0294
2025-03-05 02:44:26.284647, 320, 240, 4.8530, 0.0005, -0.0069, 0.0027, 0.3628, -9.0515, -0.0294
2025-03-05 02:44:26.350821, 320, 240, 4.9130, -0.0037, -0.0064, 0.0048, 0.3628, -9.0515, -0.0294
2025-03-05 02:44:26.384628, 320, 240, 4.9340, -0.0027, -0.0117, 0.0021, 0.3432, -9.0712, -0.0294
2025-03-05 02:44:26.450350, 320, 240, 4.8140, 0.0000, -0.0069, 0.0027, 0.3628, -9.0515, -0.0294
2025-03-05 02:44:26.484647, 320, 240, 4.8140, 0.0043, -0.0059, 0.0027, 0.3628, -9.0712, -0.0490
2025-03-05 02:44:26.551136, 320, 240, 4.8730, -0.0005, -0.0053, -0.0011, 0.3628, -9.0515, -0.0490
2025-03-05 02:44:26.584674, 320, 240, 4.7370, -0.0021, -0.0075, 0.0069, 0.3628, -9.0712, -0.0294
2025-03-05 02:44:26.651695, 320, 240, 4.7560, 0.0027, -0.0112, 0.0016, 0.3628, -9.0515, -0.0490
2025-03-05 02:44:26.684708, 320, 240, 4.7370, 0.0011, -0.0048, -0.0005, 0.3628, -9.0515, -0.0294
2025-03-05 02:44:26.751182, 320, 240, 4.8330, 0.0021, -0.0075, 0.0011, 0.3825, -9.0515, -0.0294
2025-03-05 02:44:26.784763, 320, 240, 4.7370, 0.0005, -0.0075, 0.0032, 0.3628, -9.0712, -0.0294
2025-03-05 02:44:26.851427, 320, 240, 4.8140, 0.0043, -0.0064, -0.0005, 0.3628, -9.0515, -0.0098
2025-03-05 02:44:26.884079, 320, 240, 4.6260, -0.0016, -0.0053, 0.0016, 0.3628, -9.0515, -0.0294
2025-03-05 02:44:26.951507, 320, 240, 4.8930, -0.0011, -0.0064, 0.0032, 0.3628, -9.0515, -0.0294
2025-03-05 02:44:26.984910, 320, 240, 4.8530, 0.0000, -0.0021, 0.0000, 0.3628, -9.0515, -0.0294
2025-03-05 02:44:27.051824, 320, 240, 4.8530, 0.0005, -0.0037, 0.0000, 0.3825, -9.0712, -0.0294
2025-03-05 02:44:27.083981, 320, 240, 4.8530, -0.0011, -0.0123, -0.0005, 0.3825, -9.0712, -0.0294
2025-03-05 02:44:27.151398, 320, 240, 4.9960, 0.0005, -0.0107, 0.0037, 0.3628, -9.0515, -0.0294
2025-03-05 02:44:27.184863, 320, 240, 4.8530, 0.0016, -0.0085, 0.0027, 0.3432, -9.0515, -0.0098
2025-03-05 02:44:27.251489, 320, 240, 4.8140, 0.0000, -0.0080, 0.0000, 0.3628, -9.0515, -0.0294
2025-03-05 02:44:27.317550, 320, 240, 4.8330, 0.0043, -0.0048, 0.0027, 0.3628, -9.0319, -0.0294
2025-03-05 02:44:27.350105, 320, 240, 4.9130, -0.0011, -0.0037, 0.0053, 0.3628, -9.0515, -0.0294
2025-03-05 02:44:27.418438, 320, 240, 4.6630, 0.0027, -0.0101, 0.0005, 0.3628, -9.0515, -0.0294
2025-03-05 02:44:27.451318, 320, 240, 4.8930, 0.0005, -0.0075, 0.0011, 0.3628, -9.0515, -0.0294
2025-03-05 02:44:27.518753, 320, 240, 4.8330, 0.0048, -0.0016, 0.0016, 0.3628, -9.0712, -0.0294
2025-03-05 02:44:27.551879, 320, 240, 4.9340, -0.0011, -0.0075, 0.0027, 0.3432, -9.0515, -0.0294
2025-03-05 02:44:27.618422, 320, 240, 4.9130, -0.0005, -0.0096, 0.0011, 0.3628, -9.0515, -0.0294
2025-03-05 02:44:27.651790, 320, 240, 4.8730, -0.0027, -0.0091, 0.0021, 0.3628, -9.0515, -0.0294
2025-03-05 02:44:27.718553, 320, 240, 4.6260, 0.0011, -0.0107, 0.0000, 0.3432, -9.0515, -0.0294
2025-03-05 02:44:27.751801, 320, 240, 4.8730, 0.0000, -0.0101, 0.0005, 0.3628, -9.0515, -0.0294
2025-03-05 02:44:27.918290, 320, 240, 4.7000, 0.0000, -0.0053, -0.0005, 0.3628, -9.0515, -0.0294
2025-03-05 02:44:27.950948, 320, 240, 4.7370, -0.0016, -0.0107, 0.0021, 0.3628, -9.0515, -0.0294
2025-03-05 02:44:28.018229, 320, 240, 4.7000, 0.0005, -0.0080, 0.0021, 0.3628, -9.0712, -0.0098
2025-03-05 02:44:33.019828, 320, 240, 4.8730, -0.0011, -0.0101, 0.0032, 0.3628, -9.0712, -0.0490
2025-03-05 02:44:33.052628, 320, 240, 5.0380, 0.0032, -0.0037, 0.0027, 0.3628, -9.0515, -0.0294
2025-03-05 02:44:33.420912, 320, 240, 4.7370, -0.0037, -0.0048, 0.0032, 0.3628, -9.0712, -0.0294
2025-03-05 02:44:33.453616, 320, 240, 4.9130, 0.0000, -0.0069, 0.0048, 0.3628, -9.0515, -0.0294
2025-03-05 02:44:33.520582, 320, 240, 4.7370, -0.0016, -0.0117, 0.0059, 0.3628, -9.0515, -0.0490
2025-03-05 02:44:33.554302, 320, 240, 4.8330, 0.0011, -0.0112, 0.0016, 0.3628, -9.0515, -0.0294
2025-03-05 02:44:33.620735, 320, 240, 4.9960, 0.0037, -0.0021, -0.0011, 0.3628, -9.0515, -0.0294
2025-03-05 02:44:33.654705, 320, 240, 4.7000, -0.0005, -0.0085, -0.0005, 0.3628, -9.0515, -0.0294
2025-03-05 02:44:33.721337, 320, 240, 4.8730, -0.0005, -0.0080, 0.0005, 0.3628, -9.0515, -0.0294
2025-03-05 02:44:33.754376, 320, 240, 4.6810, 0.0016, -0.0069, 0.0037, 0.3628, -9.0712, -0.0294
2025-03-05 02:44:33.821319, 320, 240, 4.8330, 0.0021, -0.0043, 0.0021, 0.3628, -9.0515, -0.0294
2025-03-05 02:44:33.887311, 320, 240, 4.7000, 0.0032, -0.0107, 0.0080, 0.3628, -9.0515, -0.0490
2025-03-05 02:44:33.920998, 320, 240, 4.7370, 0.0011, -0.0053, 0.0021, 0.3628, -9.0515, -0.0294
2025-03-05 02:44:33.987027, 320, 240, 4.8330, -0.0011, -0.0064, -0.0021, 0.3628, -9.0515, -0.0490
2025-03-05 02:44:34.020912, 320, 240, 4.7370, -0.0005, -0.0085, 0.0037, 0.3628, -9.0515, -0.0294
2025-03-05 02:44:34.086698, 320, 240, 4.7940, 0.0043, -0.0069, 0.0043, 0.3628, -9.0319, -0.0294
2025-03-05 02:44:34.120060, 320, 240, 4.8530, 0.0011, -0.0107, 0.0032, 0.3628, -9.0712, -0.0294
2025-03-05 02:44:34.187553, 320, 240, 4.8330, -0.0016, -0.0037, 0.0016, 0.3628, -9.0515, -0.0490
2025-03-05 02:44:34.221299, 320, 240, 4.8140, 0.0021, -0.0053, 0.0016, 0.3628, -9.0515, -0.0294
2025-03-05 02:44:34.288018, 320, 240, 4.6260, 0.0000, -0.0043, 0.0037, 0.3628, -9.0712, -0.0490
2025-03-05 02:44:34.321360, 320, 240, 4.7370, 0.0027, -0.0101, 0.0021, 0.3628, -9.0712, -0.0490
2025-03-05 02:44:34.388092, 320, 240, 4.7940, 0.0000, -0.0101, 0.0043, 0.3628, -9.0712, -0.0294
2025-03-05 02:44:34.421336, 320, 240, 4.8930, 0.0011, -0.0064, 0.0037, 0.3628, -9.0712, -0.0294
2025-03-05 02:44:34.487727, 320, 240, 4.9960, 0.0000, -0.0096, 0.0016, 0.3628, -9.0515, -0.0294
2025-03-05 02:44:34.521196, 320, 240, 4.8330, -0.0016, -0.0080, 0.0032, 0.3628, -9.0515, -0.0294
2025-03-05 02:44:34.588097, 320, 240, 4.7370, -0.0027, -0.0059, 0.0048, 0.3628, -9.0515, -0.0294
2025-03-05 02:44:34.621293, 320, 240, 4.6260, 0.0000, -0.0053, 0.0059, 0.3628, -9.0712, -0.0294
2025-03-05 02:44:34.687890, 320, 240, 5.0170, -0.0053, -0.0096, 0.0048, 0.3628, -9.0515, -0.0294
2025-03-05 02:44:34.720832, 320, 240, 5.0170, 0.0005, -0.0112, -0.0005, 0.3628, -9.0515, -0.0294
2025-03-05 02:44:35.053494, 320, 240, 4.7940, 0.0005, -0.0117, 0.0032, 0.3825, -9.0515, -0.0490
2025-03-05 02:44:35.086726, 320, 240, 4.8930, -0.0011, -0.0011, 0.0027, 0.3628, -9.0515, -0.0294
2025-03-05 02:44:35.155089, 320, 240, 4.7560, -0.0032, -0.0080, 0.0021, 0.3825, -9.0712, -0.0098
2025-03-05 02:44:35.188231, 320, 240, 4.8140, -0.0011, -0.0064, 0.0011, 0.3628, -9.0515, -0.0490
2025-03-05 02:44:35.254840, 320, 240, 4.8930, 0.0011, -0.0096, 0.0037, 0.3628, -9.0515, -0.0294
2025-03-05 02:44:35.288468, 320, 240, 4.7370, 0.0011, -0.0085, 0.0021, 0.3628, -9.0515, -0.0294
2025-03-05 02:44:35.355119, 320, 240, 4.8530, -0.0011, -0.0096, 0.0037, 0.3628, -9.0515, -0.0490
2025-03-05 02:44:35.388451, 320, 240, 4.9340, -0.0037, -0.0043, 0.0043, 0.3628, -9.0712, -0.0294
2025-03-05 02:44:35.454974, 320, 240, 4.9960, -0.0011, -0.0080, 0.0021, 0.3628, -9.0712, -0.0294
2025-03-05 02:44:35.488538, 320, 240, 4.7940, 0.0000, -0.0091, 0.0027, 0.3628, -9.0515, -0.0294
2025-03-05 02:44:35.555016, 320, 240, 4.8930, -0.0011, -0.0032, 0.0016, 0.3628, -9.0712, -0.0294
2025-03-05 02:44:35.588586, 320, 240, 4.7940, 0.0016, -0.0053, -0.0016, 0.3628, -9.0515, -0.0294
2025-03-05 02:44:35.655257, 320, 240, 4.9130, 0.0016, -0.0085, 0.0000, 0.3628, -9.0712, -0.0294
2025-03-05 02:44:35.688653, 320, 240, 4.8530, 0.0021, -0.0021, 0.0000, 0.3628, -9.0515, -0.0294
2025-03-05 02:44:35.755203, 320, 240, 4.9130, 0.0021, -0.0059, 0.0032, 0.3628, -9.0515, -0.0294
2025-03-05 02:44:35.788698, 320, 240, 4.8930, -0.0021, -0.0048, 0.0000, 0.3628, -9.0712, -0.0294
2025-03-05 02:44:35.855248, 320, 240, 4.6630, 0.0000, -0.0075, 0.0043, 0.3628, -9.0712, -0.0294
2025-03-05 02:44:35.888777, 320, 240, 4.8930, -0.0005, -0.0075, 0.0037, 0.3628, -9.0712, -0.0294
2025-03-05 02:44:35.955506, 320, 240, 4.8330, 0.0037, -0.0075, 0.0016, 0.3628, -9.0712, -0.0294
2025-03-05 02:44:35.988809, 320, 240, 4.7940, -0.0021, -0.0085, 0.0037, 0.3628, -9.0712, -0.0294
2025-03-05 02:44:36.054723, 320, 240, 4.6090, 0.0005, -0.0080, 0.0064, 0.3628, -9.0515, -0.0294
2025-03-05 02:44:36.089058, 320, 240, 4.6630, 0.0021, -0.0059, 0.0016, 0.3628, -9.0515, -0.0490
2025-03-05 02:44:36.155520, 320, 240, 4.7940, 0.0000, -0.0080, 0.0016, 0.3628, -9.0515, -0.0294
2025-03-05 02:44:36.188922, 320, 240, 4.7940, -0.0021, -0.0064, 0.0000, 0.3628, -9.0712, -0.0294
2025-03-05 02:44:36.255637, 320, 240, 4.8140, 0.0032, -0.0064, 0.0059, 0.3628, -9.0515, -0.0294
2025-03-05 02:44:36.288935, 320, 240, 4.8530, -0.0011, -0.0091, 0.0027, 0.3628, -9.0515, -0.0294
2025-03-05 02:44:36.355546, 320, 240, 4.6630, 0.0000, -0.0096, 0.0005, 0.3628, -9.0515, -0.0294
2025-03-05 02:44:36.388946, 320, 240, 4.8530, -0.0011, -0.0096, 0.0027, 0.3628, -9.0712, -0.0294
2025-03-05 02:44:36.455741, 320, 240, 4.5730, 0.0005, -0.0069, 0.0021, 0.3432, -9.0515, -0.0490
2025-03-05 02:44:36.489168, 320, 240, 4.9130, 0.0037, 0.0011, 0.0011, 0.3628, -9.0515, -0.0294
2025-03-05 02:44:36.555762, 320, 240, 4.7370, 0.0043, -0.0091, 0.0016, 0.3628, -9.0515, -0.0294
2025-03-05 02:44:36.589067, 320, 240, 4.8930, -0.0037, -0.0096, 0.0053, 0.3628, -9.0515, -0.0098
2025-03-05 02:44:36.655873, 320, 240, 4.8140, 0.0000, -0.0059, 0.0032, 0.3628, -9.0712, -0.0098
2025-03-05 02:44:36.689198, 320, 240, 4.8530, 0.0000, -0.0059, 0.0005, 0.3628, -9.0515, -0.0294
2025-03-05 02:44:36.755886, 320, 240, 4.7370, -0.0016, -0.0053, 0.0043, 0.3628, -9.0515, -0.0294
2025-03-05 02:44:36.789281, 320, 240, 4.6630, -0.0011, -0.0075, 0.0021, 0.3628, -9.0515, -0.0490
2025-03-05 02:44:36.855715, 320, 240, 4.8140, 0.0032, -0.0059, 0.0043, 0.3628, -9.0515, -0.0294
2025-03-05 02:44:36.888333, 320, 240, 4.8140, -0.0011, -0.0080, 0.0021, 0.3628, -9.0712, -0.0490
2025-03-05 02:44:36.955736, 320, 240, 4.6630, -0.0016, -0.0048, 0.0032, 0.3628, -9.0515, -0.0294
2025-03-05 02:44:36.989391, 320, 240, 4.7000, 0.0021, -0.0053, 0.0021, 0.3432, -9.0515, -0.0490
2025-03-05 02:44:37.055078, 320, 240, 4.6260, 0.0000, -0.0107, 0.0000, 0.3628, -9.0515, -0.0294
2025-03-05 02:44:37.087813, 320, 240, 4.8530, -0.0011, -0.0080, -0.0005, 0.3628, -9.0515, -0.0294
2025-03-05 02:44:37.155869, 320, 240, 4.8140, -0.0043, -0.0101, 0.0048, 0.3825, -9.0515, -0.0294
2025-03-05 02:44:37.189301, 320, 240, 4.6630, -0.0037, -0.0096, 0.0021, 0.3628, -9.0515, -0.0294
2025-03-05 02:44:37.255883, 320, 240, 4.8330, 0.0016, -0.0160, 0.0011, 0.3628, -9.0712, -0.0490
2025-03-05 02:44:37.289327, 320, 240, 4.9130, 0.0000, -0.0069, 0.0027, 0.3628, -9.0515, -0.0490
2025-03-05 02:44:37.356371, 320, 240, 4.9130, 0.0005, -0.0101, 0.0016, 0.3628, -9.0515, -0.0294
