2025-03-05 02:37:26.523091, 320, 240, 6.0360, -0.0027, -0.0032, 0.0011, 0.3040, -9.0515, 0.0098
2025-03-05 02:37:26.554669, 320, 240, 6.1290, 0.0032, 0.0032, 0.0037, 0.4021, -9.0515, -0.1079
2025-03-05 02:37:26.622458, 320, 240, 5.8860, 0.0053, -0.0101, 0.0032, 0.2452, -9.0515, 0.1667
2025-03-05 02:37:26.656005, 320, 240, 5.9450, -0.0037, -0.0059, 0.0027, 0.3236, -9.0712, 0.3432
2025-03-05 02:37:26.722880, 320, 240, 6.1290, -0.0005, -0.0149, 0.0021, 0.2648, -9.0515, -0.2059
2025-03-05 02:37:26.756011, 320, 240, 5.7720, 0.0069, -0.0107, 0.0043, 0.2844, -9.0515, -0.0098
2025-03-05 02:37:26.822511, 320, 240, 5.8000, 0.0032, -0.0043, 0.0059, 0.3432, -9.0515, 0.1471
2025-03-05 02:37:26.855896, 320, 240, 6.0360, -0.0016, -0.0170, 0.0043, 0.2648, -9.0515, 0.1275
2025-03-05 02:37:26.921467, 320, 240, 5.9150, -0.0059, 0.0000, 0.0069, 0.3628, -9.0712, -0.0098
2025-03-05 02:37:26.955651, 320, 240, 6.0360, 0.0085, -0.0043, 0.0037, 0.3432, -9.0515, -0.1863
2025-03-05 02:37:27.154291, 320, 240, 6.2250, 0.0016, -0.0011, 0.0016, 0.3432, -9.0712, 0.0294
2025-03-05 02:37:27.187627, 320, 240, 5.8280, -0.0005, 0.0005, 0.0021, 0.3236, -9.0515, 0.0686
2025-03-05 02:37:27.254736, 320, 240, 6.3580, -0.0048, -0.0128, 0.0048, 0.3236, -9.0908, 0.2059
2025-03-05 02:37:27.289127, 320, 240, 5.7720, -0.0112, -0.0011, 0.0027, 0.3432, -9.0712, 0.1471
2025-03-05 02:37:27.355924, 320, 240, 6.0660, 0.0069, -0.0202, 0.0011, 0.3040, -9.0515, -0.1079
2025-03-05 02:37:27.389115, 320, 240, 6.0660, 0.0064, -0.0085, 0.0027, 0.3628, -9.0712, 0.2256
2025-03-05 02:37:27.455803, 320, 240, 6.2580, -0.0048, -0.0021, 0.0059, 0.3040, -9.0515, 0.0490
2025-03-05 02:37:27.489119, 320, 240, 6.5330, -0.0048, -0.0123, 0.0032, 0.3236, -9.0515, -0.0686
2025-03-05 02:37:27.554102, 320, 240, 6.2580, 0.0048, 0.0032, 0.0016, 0.3236, -9.0712, -0.0098
2025-03-05 02:37:27.589481, 320, 240, 5.9450, 0.0080, -0.0069, 0.0048, 0.3040, -9.0515, 0.0098
2025-03-05 02:37:27.654859, 320, 240, 5.9150, -0.0053, -0.0037, 0.0011, 0.3628, -9.0712, 0.2648
2025-03-05 02:37:27.688751, 320, 240, 5.9150, -0.0128, 0.0016, 0.0005, 0.2844, -9.0515, -0.0883
2025-03-05 02:37:27.755289, 320, 240, 5.8280, 0.0080, -0.0123, 0.0021, 0.3825, -9.0712, 0.0000
2025-03-05 02:37:27.788500, 320, 240, 5.9450, 0.0075, -0.0043, 0.0016, 0.3236, -9.0515, 0.2059
2025-03-05 02:37:27.855499, 320, 240, 6.0360, -0.0075, -0.0069, 0.0011, 0.3432, -9.0712, 0.0490
2025-03-05 02:37:27.888286, 320, 240, 5.9750, -0.0048, -0.0091, 0.0037, 0.3628, -9.0712, 0.0098
2025-03-05 02:37:27.955567, 320, 240, 6.6060, 0.0048, -0.0032, 0.0043, 0.2844, -9.0712, -0.0686
2025-03-05 02:37:27.988900, 320, 240, 6.1290, 0.0064, -0.0144, 0.0043, 0.3628, -9.0712, 0.1275
2025-03-05 02:37:28.055017, 320, 240, 5.8280, -0.0096, -0.0043, 0.0037, 0.2648, -9.0712, 0.1079
2025-03-05 02:37:28.088459, 320, 240, 5.8000, -0.0037, -0.0021, 0.0027, 0.3040, -9.0712, -0.1079
2025-03-05 02:37:28.154838, 320, 240, 6.3580, 0.0075, -0.0059, 0.0021, 0.3236, -9.0712, 0.0294
2025-03-05 02:37:28.355455, 320, 240, 6.2910, 0.0053, -0.0048, 0.0000, 0.3628, -9.0712, -0.0098
2025-03-05 02:37:28.388429, 320, 240, 5.9750, 0.0016, -0.0117, 0.0027, 0.3628, -9.0712, 0.1863
2025-03-05 02:37:28.455220, 320, 240, 5.9750, -0.0069, -0.0016, 0.0016, 0.3040, -9.0712, 0.0686
2025-03-05 02:37:28.488275, 320, 240, 5.9450, -0.0075, -0.0138, 0.0043, 0.3825, -9.0712, -0.1079
2025-03-05 02:37:28.553774, 320, 240, 6.0360, 0.0075, -0.0085, 0.0032, 0.2648, -9.0712, 0.0294
2025-03-05 02:37:28.588229, 320, 240, 5.9450, 0.0000, -0.0048, 0.0011, 0.3040, -9.0712, 0.1471
2025-03-05 02:37:28.654579, 320, 240, 6.5330, -0.0064, -0.0123, 0.0032, 0.3040, -9.0712, 0.0490
2025-03-05 02:37:28.688424, 320, 240, 6.1290, -0.0037, -0.0085, 0.0021, 0.2844, -9.0712, -0.0686
2025-03-05 02:37:28.754085, 320, 240, 5.9750, 0.0048, -0.0107, 0.0027, 0.3628, -9.0515, 0.0098
2025-03-05 02:37:28.788229, 320, 240, 6.2580, 0.0037, -0.0069, 0.0053, 0.2844, -9.0712, 0.2059
2025-03-05 02:37:28.854502, 320, 240, 5.9150, -0.0043, -0.0112, 0.0000, 0.3628, -9.0712, 0.0294
2025-03-05 02:37:28.887478, 320, 240, 5.7440, 0.0005, -0.0091, 0.0005, 0.3628, -9.0515, -0.1079
2025-03-05 02:37:29.054247, 320, 240, 6.0360, -0.0059, -0.0085, 0.0027, 0.2844, -9.0515, 0.0294
2025-03-05 02:37:29.087920, 320, 240, 5.9450, -0.0011, -0.0059, 0.0043, 0.3432, -9.0515, -0.0490
2025-03-05 02:37:29.154280, 320, 240, 5.9750, 0.0064, -0.0149, 0.0048, 0.3040, -9.0712, 0.0294
2025-03-05 02:37:29.220464, 320, 240, 5.8000, -0.0064, -0.0053, 0.0027, 0.3628, -9.0712, 0.2059
2025-03-05 02:37:29.254380, 320, 240, 6.0660, -0.0053, -0.0075, 0.0032, 0.3628, -9.0712, 0.0098
2025-03-05 02:37:29.320825, 320, 240, 5.7160, 0.0064, -0.0016, 0.0032, 0.3040, -9.0712, 0.0000
2025-03-05 02:37:29.354157, 320, 240, 6.0660, 0.0032, 0.0005, 0.0032, 0.3628, -9.0712, 0.1079
2025-03-05 02:37:29.421199, 320, 240, 6.1290, -0.0037, -0.0107, 0.0016, 0.2844, -9.0712, 0.1275
2025-03-05 02:37:29.454114, 320, 240, 6.1610, -0.0075, -0.0091, 0.0016, 0.3236, -9.0712, 0.0294
2025-03-05 02:37:29.520914, 320, 240, 6.3580, 0.0059, -0.0048, 0.0021, 0.3236, -9.0712, -0.0686
2025-03-05 02:37:29.552715, 320, 240, 5.9750, 0.0053, -0.0085, 0.0021, 0.2844, -9.0515, 0.1079
2025-03-05 02:37:29.620861, 320, 240, 6.1290, -0.0128, -0.0069, 0.0059, 0.3432, -9.0712, 0.0490
2025-03-05 02:37:29.654098, 320, 240, 6.1610, -0.0011, -0.0138, 0.0032, 0.3040, -9.0515, -0.0490
2025-03-05 02:37:29.721134, 320, 240, 5.7720, 0.0037, -0.0027, 0.0048, 0.3432, -9.0712, 0.0000
2025-03-05 02:37:29.787419, 320, 240, 5.8860, -0.0032, -0.0128, 0.0000, 0.2844, -9.0712, 0.1667
2025-03-05 02:37:29.821001, 320, 240, 5.9750, -0.0069, -0.0107, 0.0053, 0.3236, -9.0515, 0.1471
2025-03-05 02:37:29.887932, 320, 240, 5.8280, 0.0000, -0.0027, 0.0000, 0.3236, -9.0515, -0.1079
2025-03-05 02:37:29.919302, 320, 240, 5.7720, 0.0096, -0.0101, 0.0016, 0.3040, -9.0515, -0.0686
2025-03-05 02:37:29.987453, 320, 240, 6.2250, -0.0043, -0.0027, 0.0032, 0.3236, -9.0515, 0.1471
2025-03-05 02:37:30.019724, 320, 240, 6.7170, -0.0069, -0.0107, 0.0027, 0.3040, -9.0712, 0.0294
2025-03-05 02:37:30.087362, 320, 240, 5.9150, 0.0027, -0.0053, 0.0021, 0.3432, -9.0712, -0.0098
2025-03-05 02:37:30.120716, 320, 240, 6.3580, 0.0048, -0.0027, -0.0011, 0.3236, -9.0712, 0.0000
2025-03-05 02:37:30.186998, 320, 240, 6.0660, -0.0053, -0.0091, 0.0016, 0.3236, -9.0712, 0.1667
2025-03-05 02:37:30.220430, 320, 240, 5.8860, -0.0085, -0.0096, 0.0080, 0.3432, -9.0712, 0.1471
2025-03-05 02:37:30.287156, 320, 240, 6.1290, 0.0027, -0.0075, 0.0016, 0.3040, -9.0515, -0.0686
2025-03-05 02:37:30.320455, 320, 240, 6.0660, 0.0043, -0.0048, 0.0043, 0.3432, -9.0712, 0.0686
2025-03-05 02:37:30.387061, 320, 240, 5.9450, -0.0037, -0.0032, 0.0043, 0.3040, -9.0712, 0.1275
2025-03-05 02:37:30.620404, 320, 240, 6.4970, -0.0021, -0.0027, 0.0000, 0.3040, -9.0712, 0.0098
2025-03-05 02:37:30.653695, 320, 240, 5.8000, -0.0016, -0.0112, 0.0048, 0.3236, -9.0515, -0.0883
2025-03-05 02:37:30.719504, 320, 240, 6.0660, 0.0043, -0.0032, -0.0011, 0.3236, -9.0515, 0.0686
2025-03-05 02:37:30.753887, 320, 240, 5.9450, 0.0005, -0.0059, 0.0011, 0.3040, -9.0712, 0.1275
2025-03-05 02:37:30.820429, 320, 240, 5.8000, -0.0021, -0.0112, 0.0043, 0.3432, -9.0712, 0.0883
2025-03-05 02:37:30.853709, 320, 240, 6.2580, -0.0005, -0.0059, 0.0021, 0.3236, -9.0712, -0.0294
2025-03-05 02:37:30.918426, 320, 240, 6.4970, 0.0069, -0.0101, 0.0011, 0.3236, -9.0712, 0.0000
2025-03-05 02:37:30.953548, 320, 240, 6.0660, 0.0011, -0.0101, 0.0011, 0.3432, -9.0712, 0.1667
2025-03-05 02:37:31.020108, 320, 240, 6.0660, -0.0027, -0.0080, 0.0011, 0.3236, -9.0712, 0.0000
2025-03-05 02:37:31.053619, 320, 240, 6.4620, -0.0069, -0.0107, 0.0032, 0.3432, -9.0515, -0.0490
2025-03-05 02:37:31.120067, 320, 240, 6.0360, 0.0011, -0.0069, -0.0005, 0.3040, -9.0712, 0.0686
2025-03-05 02:37:31.153385, 320, 240, 5.9150, 0.0021, -0.0138, 0.0000, 0.3432, -9.0712, 0.1275
2025-03-05 02:37:31.219896, 320, 240, 6.0660, -0.0075, -0.0069, -0.0011, 0.3236, -9.0712, 0.0490
2025-03-05 02:37:31.253346, 320, 240, 6.3580, -0.0027, -0.0080, 0.0064, 0.3040, -9.0515, -0.0490
2025-03-05 02:37:31.320427, 320, 240, 5.8000, 0.0048, -0.0085, 0.0043, 0.3432, -9.0712, 0.1275
2025-03-05 02:37:31.353516, 320, 240, 6.5330, 0.0000, -0.0101, 0.0027, 0.3040, -9.0712, 0.1863
2025-03-05 02:37:31.420746, 320, 240, 5.9450, -0.0037, -0.0075, 0.0011, 0.3628, -9.0712, 0.0000
2025-03-05 02:37:31.453212, 320, 240, 6.1290, 0.0037, -0.0053, 0.0005, 0.3236, -9.0712, -0.0490
2025-03-05 02:37:31.520079, 320, 240, 5.9750, 0.0037, -0.0064, 0.0011, 0.3040, -9.0712, 0.0686
2025-03-05 02:37:31.553153, 320, 240, 5.9750, -0.0021, -0.0053, 0.0037, 0.3432, -9.0712, 0.1471
2025-03-05 02:37:31.619832, 320, 240, 5.8570, 0.0000, -0.0080, 0.0011, 0.3040, -9.0712, -0.0098
2025-03-05 02:37:31.653216, 320, 240, 5.9150, 0.0005, -0.0053, 0.0043, 0.3432, -9.0515, -0.0490
2025-03-05 02:37:31.719835, 320, 240, 5.8000, 0.0075, -0.0064, 0.0021, 0.3040, -9.0712, 0.1079
2025-03-05 02:37:31.786029, 320, 240, 5.9750, -0.0059, -0.0085, 0.0032, 0.3432, -9.0515, 0.1079
2025-03-05 02:37:31.819823, 320, 240, 5.8280, -0.0021, -0.0059, 0.0037, 0.3236, -9.0515, 0.0000
2025-03-05 02:37:31.886513, 320, 240, 6.1610, 0.0037, -0.0027, 0.0048, 0.3236, -9.0515, 0.0000
2025-03-05 02:37:31.918056, 320, 240, 6.2580, 0.0005, -0.0091, 0.0000, 0.3432, -9.0515, 0.0686
2025-03-05 02:37:31.986535, 320, 240, 6.0360, -0.0059, -0.0080, 0.0048, 0.3040, -9.0712, 0.0686
2025-03-05 02:37:32.019913, 320, 240, 5.8280, -0.0053, -0.0059, 0.0016, 0.3432, -9.0515, -0.0098
2025-03-05 02:37:32.086673, 320, 240, 6.3580, 0.0016, -0.0080, 0.0048, 0.3040, -9.0712, 0.0098
2025-03-05 02:37:32.120313, 320, 240, 5.8860, 0.0048, -0.0064, 0.0011, 0.3236, -9.0712, 0.1275
2025-03-05 02:37:32.186162, 320, 240, 5.8570, -0.0021, -0.0043, 0.0032, 0.3432, -9.0712, 0.0686
2025-03-05 02:37:32.219847, 320, 240, 5.9450, -0.0032, -0.0096, 0.0016, 0.3040, -9.0712, -0.0098
2025-03-05 02:37:32.286089, 320, 240, 5.8570, 0.0043, -0.0027, 0.0037, 0.3432, -9.0515, 0.0490
2025-03-05 02:37:32.319570, 320, 240, 6.2910, 0.0016, -0.0037, 0.0032, 0.3236, -9.0712, 0.1079
2025-03-05 02:37:32.386055, 320, 240, 5.9750, -0.0053, -0.0096, 0.0032, 0.3236, -9.0712, 0.0883
2025-03-05 02:37:32.419709, 320, 240, 6.0660, -0.0032, -0.0069, 0.0021, 0.3432, -9.0712, -0.0098
2025-03-05 02:37:32.486135, 320, 240, 6.2250, 0.0064, -0.0096, 0.0037, 0.3040, -9.0908, 0.0294
2025-03-05 02:37:32.519533, 320, 240, 5.8280, 0.0032, -0.0069, 0.0048, 0.3236, -9.0515, 0.1471
2025-03-05 02:37:32.585515, 320, 240, 6.2910, -0.0032, -0.0101, -0.0005, 0.3236, -9.0515, 0.0098
2025-03-05 02:37:32.619610, 320, 240, 6.0360, 0.0016, -0.0085, 0.0032, 0.3236, -9.0712, -0.0294
2025-03-05 02:37:32.686011, 320, 240, 5.9750, 0.0053, -0.0032, 0.0064, 0.3236, -9.0712, 0.0294
2025-03-05 02:37:32.718699, 320, 240, 5.8000, 0.0027, -0.0059, 0.0027, 0.3040, -9.0712, 0.1275
2025-03-05 02:37:32.785840, 320, 240, 6.5330, -0.0037, -0.0075, 0.0016, 0.3432, -9.0515, 0.0490
2025-03-05 02:37:32.819450, 320, 240, 6.4620, 0.0016, -0.0091, 0.0021, 0.3236, -9.0712, -0.0490
2025-03-05 02:37:32.886156, 320, 240, 6.1290, 0.0059, -0.0037, 0.0005, 0.3432, -9.0515, 0.0490
2025-03-05 02:37:32.917596, 320, 240, 5.7720, 0.0016, -0.0085, 0.0000, 0.3236, -9.0712, 0.1471
2025-03-05 02:37:32.986039, 320, 240, 5.8280, -0.0032, -0.0069, -0.0005, 0.3236, -9.0712, 0.0294
2025-03-05 02:37:33.019422, 320, 240, 6.2580, 0.0037, -0.0064, 0.0021, 0.3432, -9.0712, -0.0098
2025-03-05 02:37:33.086124, 320, 240, 5.8000, 0.0048, -0.0069, 0.0037, 0.3236, -9.0712, 0.0490
2025-03-05 02:37:33.119393, 320, 240, 6.1290, 0.0027, -0.0080, 0.0059, 0.3236, -9.0712, 0.1471
2025-03-05 02:37:33.185846, 320, 240, 5.9150, -0.0032, -0.0064, 0.0027, 0.3432, -9.0712, 0.0294
2025-03-05 02:37:33.219323, 320, 240, 5.7720, 0.0000, -0.0128, 0.0053, 0.3040, -9.0515, -0.0294
2025-03-05 02:37:33.286124, 320, 240, 6.4620, 0.0021, -0.0032, 0.0032, 0.3432, -9.0712, 0.0686
2025-03-05 02:37:33.319713, 320, 240, 5.9450, 0.0000, -0.0069, 0.0027, 0.3236, -9.0712, 0.1275
2025-03-05 02:37:33.385952, 320, 240, 6.4970, -0.0037, -0.0032, 0.0053, 0.3236, -9.0712, 0.0000
2025-03-05 02:37:33.419237, 320, 240, 6.1290, -0.0016, -0.0091, 0.0005, 0.3236, -9.0515, -0.0490
2025-03-05 02:37:33.485709, 320, 240, 6.0360, 0.0059, -0.0032, 0.0011, 0.3432, -9.0515, 0.0883
2025-03-05 02:37:33.519221, 320, 240, 5.9750, 0.0016, -0.0085, 0.0043, 0.3236, -9.0515, 0.1471
2025-03-05 02:37:33.584548, 320, 240, 6.2250, -0.0021, -0.0064, 0.0011, 0.3236, -9.0515, -0.0294
2025-03-05 02:37:33.619207, 320, 240, 5.9150, 0.0016, -0.0096, 0.0032, 0.3432, -9.0712, -0.0294
2025-03-05 02:37:33.685206, 320, 240, 5.8000, 0.0005, -0.0075, 0.0027, 0.3040, -9.0712, 0.0883
2025-03-05 02:37:33.719132, 320, 240, 6.0360, -0.0053, -0.0053, 0.0080, 0.3432, -9.0515, 0.1275
2025-03-05 02:37:33.785726, 320, 240, 5.8000, -0.0021, -0.0053, 0.0037, 0.3236, -9.0515, 0.0098
2025-03-05 02:37:33.819132, 320, 240, 5.8860, 0.0043, -0.0075, 0.0043, 0.3236, -9.0712, -0.0490
2025-03-05 02:37:33.885686, 320, 240, 6.0660, 0.0032, -0.0005, 0.0037, 0.3236, -9.0515, 0.1079
2025-03-05 02:37:33.917376, 320, 240, 6.3920, -0.0043, -0.0101, 0.0032, 0.3236, -9.0712, 0.1079
2025-03-05 02:37:33.985439, 320, 240, 5.9450, -0.0027, -0.0075, 0.0021, 0.3236, -9.0515, 0.0000
2025-03-05 02:37:34.018985, 320, 240, 6.3920, 0.0037, -0.0027, 0.0032, 0.3236, -9.0712, -0.0294
2025-03-05 02:37:34.085311, 320, 240, 6.1610, 0.0005, -0.0080, 0.0027, 0.3236, -9.0712, 0.1079
2025-03-05 02:37:34.118832, 320, 240, 6.2250, -0.0032, -0.0048, 0.0016, 0.3432, -9.0908, 0.1275
2025-03-05 02:37:34.185324, 320, 240, 6.1290, -0.0032, -0.0059, 0.0000, 0.3040, -9.0712, -0.0098
2025-03-05 02:37:34.218799, 320, 240, 5.9750, 0.0000, -0.0064, 0.0016, 0.3236, -9.0712, -0.0294
2025-03-05 02:37:34.285453, 320, 240, 5.8570, 0.0027, -0.0096, 0.0011, 0.3040, -9.0515, 0.1079
2025-03-05 02:37:34.318933, 320, 240, 5.9450, -0.0021, -0.0043, 0.0027, 0.3236, -9.0712, 0.1275
2025-03-05 02:37:34.385078, 320, 240, 5.8000, 0.0011, -0.0016, 0.0021, 0.3236, -9.0712, -0.0294
2025-03-05 02:37:34.418829, 320, 240, 5.9450, -0.0021, -0.0032, 0.0000, 0.3040, -9.0712, -0.0294
2025-03-05 02:37:34.485259, 320, 240, 6.0660, 0.0032, -0.0107, 0.0011, 0.3432, -9.0712, 0.1079
2025-03-05 02:37:34.518782, 320, 240, 6.2580, -0.0005, -0.0091, 0.0032, 0.3236, -9.0712, 0.1275
2025-03-05 02:37:34.584508, 320, 240, 6.2580, -0.0021, -0.0107, 0.0043, 0.3432, -9.0712, -0.0294
2025-03-05 02:37:34.619198, 320, 240, 5.8000, 0.0021, -0.0080, 0.0069, 0.3236, -9.0515, -0.0098
2025-03-05 02:37:34.685697, 320, 240, 6.2250, 0.0027, -0.0080, 0.0059, 0.3236, -9.0712, 0.1275
2025-03-05 02:37:34.718750, 320, 240, 5.8000, -0.0048, -0.0107, 0.0043, 0.3432, -9.0712, 0.1079
2025-03-05 02:37:34.784541, 320, 240, 5.8280, 0.0027, -0.0069, 0.0037, 0.3236, -9.0515, -0.0294
2025-03-05 02:37:34.818816, 320, 240, 5.8860, 0.0037, -0.0069, 0.0011, 0.3236, -9.0712, -0.0098
2025-03-05 02:37:34.885035, 320, 240, 5.9750, 0.0000, -0.0117, 0.0043, 0.3236, -9.0712, 0.1079
2025-03-05 02:37:34.917207, 320, 240, 6.5690, -0.0016, -0.0096, -0.0016, 0.3236, -9.0712, 0.1079
2025-03-05 02:37:34.985284, 320, 240, 5.9450, -0.0016, -0.0016, 0.0037, 0.3236, -9.0515, -0.0294
2025-03-05 02:37:35.018549, 320, 240, 6.3580, 0.0053, -0.0080, 0.0037, 0.3236, -9.0515, -0.0098
2025-03-05 02:37:35.085208, 320, 240, 6.0660, -0.0011, -0.0075, 0.0005, 0.3236, -9.0515, 0.1079
2025-03-05 02:37:35.118531, 320, 240, 6.3580, -0.0011, -0.0027, 0.0032, 0.3432, -9.0712, 0.1079
2025-03-05 02:37:35.185123, 320, 240, 5.9150, -0.0005, -0.0048, 0.0005, 0.3236, -9.0515, -0.0294
2025-03-05 02:37:35.218660, 320, 240, 6.2250, 0.0037, -0.0053, 0.0032, 0.3432, -9.0712, 0.0098
2025-03-05 02:37:35.284886, 320, 240, 5.8860, -0.0005, -0.0091, 0.0021, 0.3236, -9.0712, 0.1079
2025-03-05 02:37:35.318270, 320, 240, 6.0360, -0.0027, -0.0048, 0.0027, 0.3236, -9.0515, 0.0686
2025-03-05 02:37:35.385180, 320, 240, 5.8570, 0.0027, -0.0075, 0.0005, 0.3236, -9.0712, -0.0098
2025-03-05 02:37:35.417256, 320, 240, 6.3580, 0.0011, -0.0080, -0.0011, 0.3236, -9.0515, 0.0000
2025-03-05 02:37:35.485405, 320, 240, 6.1610, -0.0016, -0.0096, 0.0032, 0.3432, -9.0712, 0.1079
2025-03-05 02:37:35.518744, 320, 240, 6.0360, -0.0027, -0.0064, 0.0016, 0.3432, -9.0515, 0.0490
2025-03-05 02:37:35.584460, 320, 240, 6.3580, -0.0021, -0.0043, 0.0059, 0.3236, -9.0515, 0.0000
2025-03-05 02:37:35.618841, 320, 240, 5.8570, -0.0027, -0.0091, 0.0043, 0.3236, -9.0712, 0.0098
2025-03-05 02:37:35.685097, 320, 240, 6.2580, -0.0043, -0.0091, 0.0021, 0.3432, -9.0712, 0.1275
2025-03-05 02:37:35.718462, 320, 240, 6.2580, -0.0075, -0.0085, 0.0037, 0.3236, -9.0712, 0.0883
2025-03-05 02:37:35.785061, 320, 240, 5.8860, 0.0000, -0.0133, 0.0011, 0.3236, -9.0515, -0.0098
2025-03-05 02:37:35.818152, 320, 240, 6.4970, 0.0048, -0.0075, 0.0048, 0.3236, -9.0515, 0.0294
2025-03-05 02:37:35.885403, 320, 240, 5.8570, -0.0011, -0.0091, 0.0037, 0.3236, -9.0712, 0.1079
2025-03-05 02:37:35.916697, 320, 240, 6.1610, -0.0032, -0.0096, 0.0027, 0.3432, -9.0515, 0.0294
2025-03-05 02:37:35.985101, 320, 240, 6.0360, 0.0037, -0.0064, 0.0037, 0.3236, -9.0712, -0.0098
2025-03-05 02:37:36.018168, 320, 240, 5.8860, 0.0021, -0.0069, 0.0027, 0.3236, -9.0515, 0.0294
2025-03-05 02:37:36.084848, 320, 240, 6.1610, -0.0016, -0.0048, 0.0043, 0.3236, -9.0712, 0.1275
2025-03-05 02:37:36.118322, 320, 240, 5.8860, -0.0037, -0.0069, 0.0000, 0.3236, -9.0712, 0.0686
2025-03-05 02:37:36.184754, 320, 240, 5.9750, 0.0016, -0.0048, 0.0021, 0.3432, -9.0515, -0.0098
2025-03-05 02:37:36.218007, 320, 240, 6.3580, 0.0064, -0.0048, 0.0032, 0.3432, -9.0515, 0.0490
2025-03-05 02:37:36.284833, 320, 240, 5.9750, -0.0027, -0.0091, 0.0032, 0.3432, -9.0712, 0.0883
2025-03-05 02:37:36.318218, 320, 240, 6.3920, -0.0005, -0.0075, 0.0011, 0.3236, -9.0712, 0.0490
2025-03-05 02:37:36.384902, 320, 240, 5.8280, -0.0027, -0.0037, 0.0016, 0.3432, -9.0515, 0.0000
2025-03-05 02:37:36.417938, 320, 240, 6.2910, 0.0011, -0.0096, 0.0021, 0.3236, -9.0712, 0.0098
2025-03-05 02:37:36.484762, 320, 240, 6.1290, -0.0021, -0.0048, -0.0021, 0.3432, -9.0515, 0.1275
2025-03-05 02:37:36.518000, 320, 240, 5.9150, -0.0021, -0.0069, 0.0021, 0.3236, -9.0515, 0.0294
2025-03-05 02:37:36.583130, 320, 240, 5.9150, 0.0000, -0.0085, 0.0037, 0.3236, -9.0515, 0.0000
2025-03-05 02:37:36.617985, 320, 240, 6.0660, -0.0021, -0.0091, 0.0059, 0.3236, -9.0515, 0.0294
2025-03-05 02:37:36.684412, 320, 240, 5.8000, 0.0005, -0.0075, 0.0000, 0.3432, -9.0319, 0.1079
2025-03-05 02:37:36.718187, 320, 240, 5.9750, -0.0021, -0.0112, 0.0011, 0.3236, -9.0515, 0.0490
2025-03-05 02:37:36.783915, 320, 240, 6.0360, 0.0037, -0.0037, 0.0037, 0.3236, -9.0515, 0.0000
2025-03-05 02:37:36.817616, 320, 240, 5.9450, 0.0005, -0.0053, -0.0011, 0.3236, -9.0712, 0.0686
2025-03-05 02:37:36.884747, 320, 240, 6.1610, -0.0032, -0.0064, 0.0043, 0.3236, -9.0515, 0.0883
2025-03-05 02:37:36.916879, 320, 240, 6.1290, 0.0027, -0.0043, 0.0032, 0.3432, -9.0712, 0.0098
2025-03-05 02:37:36.984862, 320, 240, 6.2250, 0.0091, -0.0016, 0.0027, 0.3236, -9.0515, 0.0000
2025-03-05 02:37:37.184768, 320, 240, 6.2580, 0.0021, -0.0059, 0.0032, 0.3236, -9.0712, 0.0098
2025-03-05 02:37:37.217930, 320, 240, 5.7160, 0.0011, -0.0112, 0.0016, 0.3236, -9.0515, 0.0883
2025-03-05 02:37:37.284562, 320, 240, 5.8570, 0.0016, -0.0069, -0.0011, 0.3236, -9.0712, 0.0883
2025-03-05 02:37:37.318237, 320, 240, 6.2250, -0.0064, -0.0080, 0.0043, 0.3236, -9.0712, 0.0098
2025-03-05 02:37:37.384532, 320, 240, 5.8860, 0.0027, -0.0085, 0.0021, 0.3236, -9.0515, 0.0000
2025-03-05 02:37:37.418027, 320, 240, 6.1290, 0.0005, -0.0096, -0.0016, 0.3236, -9.0712, 0.0490
2025-03-05 02:37:37.484783, 320, 240, 6.1290, -0.0069, -0.0043, 0.0021, 0.3236, -9.0515, 0.0490
2025-03-05 02:37:37.517933, 320, 240, 6.2580, -0.0053, -0.0075, 0.0005, 0.3432, -9.0712, 0.0000
2025-03-05 02:37:37.584075, 320, 240, 5.8000, 0.0032, -0.0069, 0.0027, 0.3236, -9.0712, 0.0098
2025-03-05 02:37:37.618525, 320, 240, 5.9450, -0.0011, -0.0091, 0.0048, 0.3236, -9.0712, 0.0883
2025-03-05 02:37:37.684474, 320, 240, 6.3580, 0.0005, -0.0064, 0.0027, 0.3432, -9.0712, 0.0490
2025-03-05 02:37:37.717701, 320, 240, 5.9450, -0.0016, -0.0053, 0.0053, 0.3236, -9.0712, 0.0098
2025-03-05 02:37:37.784613, 320, 240, 6.1610, 0.0011, -0.0021, 0.0016, 0.3236, -9.0712, 0.0098
2025-03-05 02:37:37.818127, 320, 240, 6.2250, 0.0027, -0.0112, 0.0037, 0.3236, -9.0515, 0.0883
2025-03-05 02:37:37.884609, 320, 240, 6.1290, -0.0005, -0.0080, -0.0005, 0.3236, -9.0515, 0.0490
2025-03-05 02:37:37.917224, 320, 240, 5.8860, -0.0005, -0.0064, 0.0037, 0.3432, -9.0908, 0.0000
2025-03-05 02:37:37.984947, 320, 240, 5.9750, 0.0011, -0.0053, 0.0032, 0.3236, -9.0712, 0.0490
2025-03-05 02:37:38.018276, 320, 240, 6.2910, 0.0021, -0.0144, 0.0027, 0.3432, -9.0712, 0.0883
2025-03-05 02:37:38.084880, 320, 240, 6.2250, -0.0021, -0.0091, 0.0032, 0.3432, -9.0515, 0.0490
2025-03-05 02:37:38.150662, 320, 240, 6.3580, 0.0021, -0.0053, 0.0027, 0.3236, -9.0712, 0.0000
2025-03-05 02:37:38.184535, 320, 240, 6.1610, -0.0016, -0.0080, 0.0037, 0.3040, -9.0712, 0.0490
2025-03-05 02:37:38.251324, 320, 240, 6.2250, -0.0011, -0.0096, 0.0016, 0.3236, -9.0515, 0.0883
2025-03-05 02:37:38.284486, 320, 240, 6.0660, 0.0021, -0.0080, 0.0037, 0.3432, -9.0712, 0.0294
2025-03-05 02:37:38.351304, 320, 240, 6.1610, -0.0021, -0.0069, 0.0011, 0.3236, -9.0515, 0.0000
2025-03-05 02:37:38.384640, 320, 240, 6.5330, 0.0037, -0.0069, 0.0037, 0.3236, -9.0712, 0.0490
2025-03-05 02:37:38.451724, 320, 240, 6.0360, 0.0021, -0.0059, -0.0011, 0.3236, -9.0712, 0.0686
2025-03-05 02:37:38.484409, 320, 240, 5.8280, -0.0043, -0.0053, 0.0027, 0.3236, -9.0515, 0.0294
2025-03-05 02:37:38.551028, 320, 240, 5.8860, 0.0005, -0.0059, 0.0037, 0.3432, -9.0712, 0.0098
2025-03-05 02:37:38.582934, 320, 240, 6.1290, 0.0016, -0.0069, 0.0069, 0.3236, -9.0712, 0.0686
2025-03-05 02:37:38.651632, 320, 240, 6.1610, -0.0048, -0.0069, 0.0005, 0.3236, -9.0712, 0.0686
2025-03-05 02:37:38.684818, 320, 240, 6.2580, -0.0043, -0.0069, 0.0011, 0.3236, -9.0515, 0.0294
2025-03-05 02:37:38.751229, 320, 240, 6.1290, 0.0037, -0.0075, -0.0016, 0.3236, -9.0515, -0.0098
2025-03-05 02:37:38.784768, 320, 240, 5.9450, 0.0053, -0.0032, 0.0043, 0.3236, -9.0515, 0.0490
2025-03-05 02:37:38.849791, 320, 240, 5.9150, 0.0000, -0.0101, 0.0000, 0.3432, -9.0515, 0.0686
2025-03-05 02:37:38.884538, 320, 240, 6.1610, -0.0016, -0.0085, -0.0011, 0.3432, -9.0712, 0.0098
2025-03-05 02:37:38.950175, 320, 240, 5.8000, 0.0005, -0.0091, 0.0032, 0.3432, -9.0712, 0.0098
2025-03-05 02:37:38.984502, 320, 240, 6.2580, 0.0043, -0.0053, -0.0016, 0.3236, -9.0712, 0.0294
2025-03-05 02:37:39.051135, 320, 240, 5.8000, 0.0000, -0.0037, 0.0032, 0.3236, -9.0515, 0.0686
2025-03-05 02:37:39.084484, 320, 240, 6.5330, 0.0027, -0.0064, 0.0016, 0.3432, -9.0712, 0.0490
2025-03-05 02:37:39.151103, 320, 240, 5.9150, 0.0032, -0.0080, 0.0037, 0.3236, -9.0712, 0.0098
2025-03-05 02:37:39.184524, 320, 240, 5.9750, 0.0032, -0.0138, 0.0016, 0.3432, -9.0515, 0.0490
2025-03-05 02:37:39.250910, 320, 240, 6.1610, -0.0032, -0.0075, 0.0005, 0.3236, -9.0712, 0.0686
2025-03-05 02:37:39.284277, 320, 240, 5.7720, -0.0011, -0.0043, 0.0043, 0.3236, -9.0515, 0.0098
2025-03-05 02:37:39.350839, 320, 240, 5.8570, -0.0005, -0.0080, 0.0037, 0.3432, -9.0515, 0.0098
2025-03-05 02:37:40.750785, 320, 240, 6.0660, -0.0011, -0.0064, -0.0011, 0.3236, -9.0515, 0.0883
2025-03-05 02:37:40.782458, 320, 240, 5.9450, 0.0021, -0.0080, 0.0027, 0.3236, -9.0712, 0.0883
2025-03-05 02:37:40.850515, 320, 240, 5.9450, -0.0053, -0.0117, 0.0059, 0.3236, -9.0712, 0.0294
2025-03-05 02:37:40.882793, 320, 240, 5.8570, 0.0027, -0.0053, 0.0027, 0.3236, -9.0712, 0.0098
2025-03-05 02:37:41.084156, 320, 240, 5.9750, -0.0011, -0.0043, 0.0048, 0.3236, -9.0515, 0.0098
2025-03-05 02:37:41.117453, 320, 240, 5.9450, -0.0005, -0.0101, 0.0043, 0.3236, -9.0712, 0.0294
2025-03-05 02:37:41.184181, 320, 240, 5.8000, -0.0032, -0.0112, 0.0032, 0.3432, -9.0712, 0.0686
2025-03-05 02:37:41.217551, 320, 240, 6.2580, -0.0011, -0.0096, 0.0027, 0.3236, -9.0515, 0.0490
2025-03-05 02:37:41.417288, 320, 240, 6.2250, -0.0016, -0.0048, 0.0059, 0.3432, -9.0712, 0.0294
2025-03-05 02:37:41.450709, 320, 240, 5.9150, -0.0011, -0.0053, 0.0000, 0.3236, -9.0712, 0.0098
2025-03-05 02:37:41.517719, 320, 240, 6.1290, 0.0048, -0.0037, 0.0011, 0.3236, -9.0712, 0.0294
2025-03-05 02:37:41.550726, 320, 240, 5.8860, 0.0005, -0.0075, 0.0011, 0.3236, -9.0712, 0.0686
2025-03-05 02:37:41.617294, 320, 240, 5.8280, -0.0021, -0.0064, 0.0032, 0.3236, -9.0515, 0.0490
2025-03-05 02:37:41.650850, 320, 240, 5.9150, -0.0011, -0.0080, 0.0037, 0.3432, -9.0515, 0.0098
2025-03-05 02:37:41.717319, 320, 240, 5.7160, -0.0011, -0.0059, 0.0032, 0.3236, -9.0712, 0.0098
2025-03-05 02:37:42.084307, 320, 240, 6.2910, 0.0037, -0.0069, 0.0011, 0.3432, -9.0712, 0.0294
2025-03-05 02:37:42.115769, 320, 240, 5.9750, 0.0016, -0.0096, 0.0005, 0.3236, -9.0515, 0.0490
2025-03-05 02:37:42.184123, 320, 240, 5.9150, -0.0016, -0.0037, 0.0000, 0.3236, -9.0712, 0.0686
2025-03-05 02:37:42.217493, 320, 240, 6.0660, 0.0011, -0.0091, 0.0037, 0.3236, -9.0515, 0.0490
2025-03-05 02:37:42.283884, 320, 240, 6.3580, 0.0021, -0.0064, 0.0016, 0.3236, -9.0712, 0.0000
2025-03-05 02:37:42.317366, 320, 240, 6.4620, 0.0011, -0.0080, 0.0053, 0.3236, -9.0712, 0.0490
2025-03-05 02:37:42.383880, 320, 240, 6.0660, -0.0005, -0.0112, 0.0032, 0.3432, -9.0515, 0.0490
2025-03-05 02:37:42.417525, 320, 240, 6.0660, -0.0032, -0.0085, 0.0011, 0.3432, -9.0712, 0.0294
2025-03-05 02:37:42.483942, 320, 240, 5.8570, 0.0016, -0.0107, 0.0016, 0.3236, -9.0712, 0.0098
2025-03-05 02:37:42.517272, 320, 240, 6.2580, 0.0005, -0.0075, 0.0005, 0.3236, -9.0712, 0.0490
2025-03-05 02:37:42.583846, 320, 240, 6.0360, -0.0037, -0.0053, 0.0011, 0.3236, -9.0712, 0.0490
2025-03-05 02:37:42.617873, 320, 240, 5.9450, -0.0027, -0.0053, 0.0037, 0.3236, -9.0515, 0.0098
2025-03-05 02:37:42.684613, 320, 240, 5.8570, 0.0005, -0.0075, -0.0011, 0.3236, -9.0712, 0.0098
2025-03-05 02:37:42.716726, 320, 240, 5.8280, 0.0011, -0.0032, 0.0000, 0.3432, -9.0712, 0.0686
2025-03-05 02:37:42.782210, 320, 240, 6.0360, -0.0011, -0.0080, 0.0021, 0.3236, -9.0515, 0.0490
2025-03-05 02:37:42.817267, 320, 240, 6.2910, 0.0011, -0.0080, -0.0005, 0.3236, -9.0712, 0.0098
2025-03-05 02:37:42.883002, 320, 240, 6.3920, 0.0032, -0.0101, 0.0021, 0.3236, -9.0712, 0.0294
2025-03-05 02:37:42.915737, 320, 240, 5.9450, -0.0037, -0.0059, 0.0048, 0.3236, -9.0712, 0.0490
2025-03-05 02:37:42.983912, 320, 240, 6.5330, 0.0000, -0.0101, 0.0011, 0.3432, -9.0515, 0.0490
2025-03-05 02:37:43.017357, 320, 240, 5.8860, -0.0021, -0.0085, 0.0016, 0.3236, -9.0712, 0.0294
2025-03-05 02:37:43.083635, 320, 240, 5.9150, 0.0032, -0.0059, -0.0027, 0.3236, -9.0712, 0.0294
2025-03-05 02:37:43.117291, 320, 240, 5.9450, 0.0011, -0.0069, 0.0016, 0.3236, -9.0712, 0.0686
2025-03-05 02:37:43.184336, 320, 240, 5.9750, 0.0011, -0.0101, 0.0048, 0.3432, -9.0319, 0.0294
2025-03-05 02:37:43.217293, 320, 240, 5.9750, 0.0011, -0.0053, 0.0027, 0.3432, -9.0515, 0.0000
2025-03-05 02:37:43.283850, 320, 240, 6.3580, -0.0011, -0.0037, -0.0021, 0.3236, -9.0515, 0.0490
2025-03-05 02:37:43.317323, 320, 240, 6.0360, 0.0005, -0.0080, 0.0005, 0.3236, -9.0712, 0.0490
2025-03-05 02:37:43.383770, 320, 240, 5.9450, 0.0000, -0.0080, 0.0005, 0.3236, -9.0712, 0.0294
2025-03-05 02:37:43.417341, 320, 240, 5.7160, -0.0011, -0.0048, 0.0037, 0.3236, -9.0712, 0.0098
2025-03-05 02:37:43.483992, 320, 240, 5.9150, 0.0011, -0.0107, 0.0000, 0.3236, -9.0515, 0.0490
2025-03-05 02:37:43.517414, 320, 240, 5.7720, -0.0005, -0.0059, 0.0016, 0.3236, -9.0712, 0.0686
2025-03-05 02:37:43.583684, 320, 240, 5.8570, -0.0016, -0.0107, 0.0027, 0.3236, -9.0712, 0.0294
2025-03-05 02:37:43.617293, 320, 240, 6.2250, 0.0021, -0.0059, 0.0016, 0.3236, -9.0515, 0.0294
2025-03-05 02:37:43.683850, 320, 240, 5.9450, 0.0027, -0.0091, 0.0000, 0.3236, -9.0712, 0.0098
2025-03-05 02:37:43.717300, 320, 240, 6.1290, 0.0032, -0.0059, 0.0027, 0.3236, -9.0515, 0.0490
2025-03-05 02:37:43.782823, 320, 240, 5.8280, 0.0000, -0.0096, 0.0037, 0.3236, -9.0515, 0.0294
2025-03-05 02:37:43.817216, 320, 240, 6.0660, 0.0032, -0.0064, 0.0053, 0.3236, -9.0515, 0.0098
2025-03-05 02:37:43.882933, 320, 240, 5.8000, 0.0037, -0.0048, 0.0027, 0.3432, -9.0712, 0.0098
2025-03-05 02:37:43.916899, 320, 240, 5.9150, -0.0037, -0.0096, 0.0005, 0.3236, -9.0712, 0.0490
2025-03-05 02:37:43.983890, 320, 240, 5.8000, 0.0000, -0.0021, 0.0016, 0.3236, -9.0515, 0.0294
2025-03-05 02:37:44.017195, 320, 240, 5.8860, -0.0016, -0.0080, 0.0021, 0.3236, -9.0712, 0.0098
2025-03-05 02:37:44.083863, 320, 240, 5.9450, -0.0016, -0.0080, 0.0011, 0.3236, -9.0712, 0.0686
2025-03-05 02:37:44.117382, 320, 240, 5.8280, 0.0032, -0.0107, 0.0032, 0.3236, -9.0515, 0.0686
2025-03-05 02:37:44.184028, 320, 240, 5.9150, -0.0005, -0.0075, 0.0016, 0.3236, -9.0712, 0.0490
2025-03-05 02:37:44.217552, 320, 240, 6.1290, 0.0016, -0.0085, 0.0043, 0.3432, -9.0515, 0.0098
2025-03-05 02:37:44.284021, 320, 240, 5.8860, 0.0021, -0.0064, 0.0011, 0.3236, -9.0515, 0.0490
2025-03-05 02:37:44.317417, 320, 240, 6.1290, 0.0005, -0.0101, -0.0005, 0.3236, -9.0908, 0.0686
2025-03-05 02:37:44.383828, 320, 240, 6.2580, 0.0021, -0.0043, 0.0000, 0.3432, -9.0515, 0.0098
2025-03-05 02:37:44.417220, 320, 240, 6.2580, -0.0005, -0.0032, 0.0000, 0.3236, -9.0712, 0.0000
2025-03-05 02:37:44.484349, 320, 240, 6.6800, -0.0021, -0.0075, 0.0043, 0.3432, -9.0515, 0.0294
2025-03-05 02:37:44.517470, 320, 240, 5.8860, -0.0016, -0.0080, 0.0043, 0.3432, -9.0712, 0.0686
2025-03-05 02:37:44.583834, 320, 240, 5.8280, -0.0021, -0.0032, 0.0043, 0.3236, -9.0712, 0.0098
2025-03-05 02:37:44.617545, 320, 240, 5.7720, -0.0011, -0.0080, 0.0037, 0.3236, -9.0515, 0.0098
2025-03-05 02:37:44.683823, 320, 240, 5.9150, -0.0011, -0.0069, 0.0021, 0.3432, -9.0515, 0.0294
2025-03-05 02:37:44.717476, 320, 240, 6.5690, -0.0011, -0.0080, 0.0021, 0.3236, -9.0515, 0.0686
2025-03-05 02:37:44.782475, 320, 240, 5.9750, -0.0032, -0.0069, 0.0043, 0.3432, -9.0515, 0.0000
2025-03-05 02:37:44.817494, 320, 240, 5.9750, -0.0032, -0.0085, 0.0048, 0.3236, -9.0712, 0.0000
2025-03-05 02:37:44.884114, 320, 240, 6.0360, 0.0016, -0.0053, 0.0021, 0.3236, -9.0712, 0.0490
2025-03-05 02:37:44.917066, 320, 240, 6.2250, -0.0037, -0.0091, 0.0021, 0.3432, -9.0712, 0.0490
2025-03-05 02:37:44.984213, 320, 240, 6.2250, 0.0011, -0.0021, 0.0005, 0.3236, -9.0515, 0.0294
2025-03-05 02:37:45.017554, 320, 240, 5.9750, 0.0000, -0.0021, 0.0048, 0.3432, -9.0515, 0.0098
2025-03-05 02:37:45.084044, 320, 240, 6.0660, 0.0021, -0.0048, 0.0000, 0.3236, -9.0712, 0.0686
2025-03-05 02:37:45.117446, 320, 240, 5.8570, -0.0021, -0.0123, 0.0021, 0.3236, -9.0515, 0.0686
2025-03-05 02:37:45.184087, 320, 240, 6.0360, -0.0005, -0.0096, 0.0021, 0.3236, -9.0515, 0.0098
2025-03-05 02:37:45.217654, 320, 240, 6.1290, 0.0016, -0.0053, 0.0032, 0.3432, -9.0712, 0.0098
2025-03-05 02:37:45.283713, 320, 240, 5.8570, -0.0011, -0.0080, 0.0032, 0.3236, -9.0712, 0.0686
2025-03-05 02:37:45.317283, 320, 240, 5.9750, -0.0037, -0.0069, -0.0027, 0.3236, -9.0712, 0.0294
2025-03-05 02:37:45.384172, 320, 240, 5.8000, 0.0021, -0.0117, -0.0011, 0.3236, -9.0712, 0.0098
2025-03-05 02:37:45.417327, 320, 240, 6.1610, -0.0027, -0.0048, -0.0005, 0.3236, -9.0712, 0.0294
2025-03-05 02:37:45.483823, 320, 240, 6.0660, -0.0011, -0.0101, 0.0043, 0.3236, -9.0515, 0.0686
2025-03-05 02:37:45.517330, 320, 240, 6.2910, -0.0027, -0.0096, 0.0011, 0.3236, -9.0515, 0.0686
2025-03-05 02:37:45.583811, 320, 240, 6.0360, -0.0011, -0.0101, 0.0037, 0.3236, -9.0712, 0.0294
2025-03-05 02:37:45.617592, 320, 240, 6.4620, 0.0011, -0.0085, 0.0016, 0.3236, -9.0712, 0.0098
2025-03-05 02:37:45.683727, 320, 240, 5.8860, 0.0021, -0.0085, 0.0021, 0.3432, -9.0515, 0.0686
2025-03-05 02:37:45.717408, 320, 240, 6.2580, -0.0027, -0.0096, 0.0043, 0.3432, -9.0515, 0.0490
2025-03-05 02:37:45.782806, 320, 240, 5.6620, 0.0011, -0.0112, 0.0048, 0.3236, -9.0908, 0.0098
2025-03-05 02:37:45.816948, 320, 240, 5.8860, -0.0005, -0.0101, 0.0021, 0.3432, -9.0712, 0.0098
2025-03-05 02:37:45.884363, 320, 240, 5.7440, 0.0011, -0.0091, 0.0064, 0.3432, -9.0712, 0.0686
2025-03-05 02:37:45.917570, 320, 240, 5.8860, 0.0005, -0.0064, 0.0037, 0.3236, -9.0712, 0.0294
2025-03-05 02:37:45.983873, 320, 240, 5.8860, 0.0000, -0.0107, 0.0037, 0.3236, -9.0515, 0.0000
2025-03-05 02:37:46.017057, 320, 240, 6.0360, 0.0032, -0.0091, 0.0000, 0.3236, -9.0515, 0.0294
2025-03-05 02:37:46.083649, 320, 240, 6.2250, -0.0021, -0.0021, 0.0032, 0.3432, -9.0712, 0.0490
2025-03-05 02:37:46.150723, 320, 240, 6.3580, -0.0005, -0.0069, 0.0021, 0.3432, -9.0712, 0.0294
2025-03-05 02:37:46.183840, 320, 240, 5.9150, 0.0021, -0.0085, 0.0021, 0.3236, -9.0515, 0.0098
2025-03-05 02:37:46.250757, 320, 240, 6.1290, 0.0011, -0.0117, 0.0027, 0.3432, -9.0712, 0.0294
2025-03-05 02:37:46.284044, 320, 240, 6.0360, 0.0005, -0.0080, 0.0043, 0.3236, -9.0712, 0.0686
2025-03-05 02:37:46.350525, 320, 240, 5.7720, 0.0005, -0.0080, 0.0048, 0.3236, -9.0712, 0.0294
2025-03-05 02:37:46.384111, 320, 240, 5.8000, 0.0011, -0.0053, 0.0043, 0.3432, -9.0712, 0.0000
2025-03-05 02:37:46.450558, 320, 240, 5.8570, 0.0016, -0.0080, 0.0011, 0.3432, -9.0712, 0.0490
2025-03-05 02:37:46.484039, 320, 240, 6.0660, -0.0011, -0.0075, 0.0053, 0.3236, -9.0515, 0.0686
2025-03-05 02:37:46.550662, 320, 240, 5.8860, -0.0005, -0.0096, 0.0064, 0.3236, -9.0712, 0.0098
2025-03-05 02:37:46.584445, 320, 240, 5.9450, -0.0011, -0.0075, 0.0011, 0.3236, -9.0712, 0.0294
2025-03-05 02:37:46.650815, 320, 240, 6.0360, -0.0016, -0.0053, 0.0048, 0.3236, -9.0515, 0.0686
2025-03-05 02:37:46.716745, 320, 240, 6.1610, 0.0000, -0.0112, 0.0037, 0.3432, -9.0515, 0.0294
2025-03-05 02:37:46.750656, 320, 240, 5.9150, -0.0011, -0.0043, 0.0027, 0.3236, -9.0712, 0.0098
2025-03-05 02:37:46.817549, 320, 240, 6.0360, -0.0016, -0.0059, -0.0011, 0.3236, -9.0515, 0.0490
2025-03-05 02:37:46.850734, 320, 240, 6.0360, 0.0043, -0.0080, 0.0016, 0.3236, -9.0712, 0.0490
2025-03-05 02:37:46.917318, 320, 240, 6.1610, 0.0037, -0.0069, 0.0032, 0.3236, -9.0712, 0.0294
2025-03-05 02:37:46.949132, 320, 240, 6.4620, -0.0021, -0.0107, 0.0016, 0.3236, -9.0515, 0.0294
2025-03-05 02:37:47.017345, 320, 240, 5.8860, -0.0011, -0.0075, 0.0027, 0.3432, -9.0712, 0.0490
2025-03-05 02:37:47.117363, 320, 240, 5.8000, 0.0037, -0.0101, 0.0011, 0.3236, -9.0712, 0.0294
2025-03-05 02:37:47.250486, 320, 240, 6.1290, 0.0027, -0.0032, -0.0011, 0.3236, -9.0712, 0.0490
2025-03-05 02:37:47.283986, 320, 240, 5.8280, 0.0000, -0.0032, 0.0027, 0.3432, -9.0515, 0.0490
2025-03-05 02:37:47.350351, 320, 240, 5.8000, -0.0016, -0.0112, 0.0037, 0.3432, -9.0515, 0.0294
2025-03-05 02:37:47.384261, 320, 240, 6.0660, 0.0032, -0.0037, 0.0016, 0.3432, -9.0515, 0.0294
2025-03-05 02:37:47.450710, 320, 240, 6.1610, -0.0005, -0.0032, 0.0016, 0.3236, -9.0515, 0.0490
2025-03-05 02:37:47.483972, 320, 240, 6.1610, -0.0021, -0.0059, 0.0000, 0.3432, -9.0712, 0.0490
2025-03-05 02:37:47.550604, 320, 240, 5.7160, 0.0032, -0.0112, 0.0016, 0.3236, -9.0712, 0.0098
2025-03-05 02:37:47.583916, 320, 240, 5.8280, -0.0021, -0.0059, 0.0059, 0.3236, -9.0515, 0.0490
2025-03-05 02:37:47.650499, 320, 240, 5.8860, -0.0021, -0.0085, 0.0021, 0.3236, -9.0712, 0.0686
2025-03-05 02:37:47.684209, 320, 240, 5.8280, -0.0011, -0.0091, 0.0011, 0.3432, -9.0515, 0.0490
2025-03-05 02:37:47.749805, 320, 240, 5.9750, 0.0016, -0.0064, 0.0000, 0.3432, -9.0712, 0.0098
2025-03-05 02:37:47.782461, 320, 240, 5.8000, 0.0021, -0.0043, 0.0005, 0.3236, -9.0515, 0.0294
2025-03-05 02:37:47.850548, 320, 240, 6.1610, 0.0021, -0.0048, 0.0016, 0.3236, -9.0515, 0.0490
2025-03-05 02:37:47.884181, 320, 240, 5.9150, -0.0027, -0.0048, 0.0037, 0.3236, -9.0712, 0.0490
2025-03-05 02:37:47.949253, 320, 240, 6.4620, -0.0021, -0.0091, -0.0027, 0.3432, -9.0712, 0.0294
2025-03-05 02:37:47.984491, 320, 240, 6.0360, -0.0021, -0.0069, 0.0032, 0.3236, -9.0712, 0.0294
2025-03-05 02:37:48.050453, 320, 240, 6.2580, 0.0000, -0.0101, 0.0005, 0.3236, -9.0515, 0.0490
2025-03-05 02:37:48.083760, 320, 240, 6.4620, 0.0000, -0.0053, 0.0011, 0.3236, -9.0712, 0.0490
2025-03-05 02:37:48.150502, 320, 240, 5.9150, -0.0021, -0.0091, 0.0037, 0.3236, -9.0515, 0.0098
2025-03-05 02:37:48.183926, 320, 240, 6.2910, 0.0037, -0.0059, 0.0069, 0.3236, -9.0515, 0.0490
2025-03-05 02:37:48.250683, 320, 240, 6.4970, -0.0005, -0.0032, 0.0000, 0.3236, -9.0515, 0.0490
2025-03-05 02:37:48.284085, 320, 240, 6.0660, 0.0000, -0.0048, 0.0021, 0.3236, -9.0712, 0.0294
2025-03-05 02:37:48.350821, 320, 240, 6.2250, -0.0021, -0.0107, 0.0021, 0.3432, -9.0515, 0.0098
2025-03-05 02:37:48.384154, 320, 240, 5.7720, 0.0027, -0.0064, 0.0000, 0.3236, -9.0515, 0.0294
2025-03-05 02:37:48.450822, 320, 240, 5.8570, -0.0005, -0.0091, 0.0005, 0.3236, -9.0712, 0.0490
2025-03-05 02:37:48.483946, 320, 240, 6.2580, -0.0005, -0.0085, 0.0011, 0.3432, -9.0515, 0.0490
2025-03-05 02:37:48.550818, 320, 240, 6.2250, -0.0043, -0.0005, 0.0011, 0.3236, -9.0712, 0.0294
2025-03-05 02:37:48.584082, 320, 240, 6.2250, 0.0005, -0.0091, 0.0037, 0.3236, -9.0515, 0.0294
2025-03-05 02:37:48.650230, 320, 240, 5.9750, 0.0021, -0.0059, 0.0043, 0.3432, -9.0712, 0.0686
2025-03-05 02:37:48.684178, 320, 240, 5.8280, 0.0000, -0.0085, 0.0021, 0.3236, -9.0712, 0.0490
2025-03-05 02:37:48.750520, 320, 240, 5.9450, -0.0016, -0.0069, 0.0043, 0.3432, -9.0712, 0.0098
2025-03-05 02:37:48.784376, 320, 240, 5.9150, 0.0027, -0.0053, 0.0059, 0.3236, -9.0515, 0.0294
2025-03-05 02:37:48.850880, 320, 240, 5.9150, 0.0005, -0.0080, 0.0043, 0.3236, -9.0712, 0.0686
2025-03-05 02:37:48.884115, 320, 240, 5.8570, -0.0011, -0.0064, 0.0032, 0.3236, -9.0712, 0.0490
2025-03-05 02:37:48.950489, 320, 240, 6.0360, 0.0011, -0.0069, 0.0027, 0.3432, -9.0712, 0.0098
2025-03-05 02:37:49.117401, 320, 240, 6.0660, 0.0011, -0.0037, 0.0032, 0.3432, -9.0712, 0.0098
2025-03-05 02:37:49.150929, 320, 240, 6.3580, 0.0027, -0.0059, 0.0021, 0.3236, -9.0712, 0.0098
2025-03-05 02:37:49.217662, 320, 240, 6.2250, -0.0011, -0.0123, 0.0032, 0.3432, -9.0712, 0.0490
2025-03-05 02:37:49.251069, 320, 240, 6.1610, 0.0000, -0.0080, 0.0037, 0.3236, -9.0712, 0.0294
2025-03-05 02:37:49.317544, 320, 240, 5.9150, -0.0037, -0.0080, 0.0027, 0.3236, -9.0712, 0.0294
2025-03-05 02:37:49.350281, 320, 240, 6.6420, 0.0037, -0.0064, 0.0053, 0.3236, -9.0712, 0.0294
2025-03-05 02:37:49.417326, 320, 240, 5.9450, 0.0011, -0.0043, 0.0032, 0.3432, -9.0712, 0.0490
2025-03-05 02:37:49.450827, 320, 240, 5.9450, 0.0000, -0.0064, -0.0005, 0.3432, -9.0712, 0.0490
2025-03-05 02:37:49.517596, 320, 240, 6.2250, -0.0016, -0.0069, 0.0027, 0.3236, -9.0515, 0.0294
2025-03-05 02:37:49.550881, 320, 240, 6.1290, 0.0021, -0.0075, 0.0048, 0.3236, -9.0515, 0.0294
2025-03-05 02:37:49.617331, 320, 240, 6.0660, 0.0005, -0.0027, 0.0011, 0.3236, -9.0712, 0.0490
2025-03-05 02:37:49.651284, 320, 240, 6.2580, -0.0032, -0.0075, 0.0037, 0.3432, -9.0515, 0.0490
2025-03-05 02:37:49.717465, 320, 240, 6.1610, 0.0027, -0.0032, 0.0011, 0.3236, -9.0712, 0.0490
2025-03-05 02:37:49.750785, 320, 240, 6.0660, 0.0037, -0.0091, 0.0021, 0.3236, -9.0515, 0.0294
2025-03-05 02:37:49.815813, 320, 240, 6.0660, 0.0011, -0.0053, 0.0011, 0.3432, -9.0712, 0.0490
2025-03-05 02:37:49.850972, 320, 240, 6.2250, 0.0011, -0.0085, 0.0027, 0.3236, -9.0712, 0.0490
2025-03-05 02:37:49.917835, 320, 240, 5.8860, -0.0027, -0.0069, 0.0053, 0.3236, -9.0712, 0.0294
2025-03-05 02:37:49.949269, 320, 240, 5.9450, 0.0027, -0.0080, 0.0005, 0.3236, -9.0712, 0.0294
2025-03-05 02:37:50.017508, 320, 240, 5.9750, 0.0011, -0.0091, 0.0005, 0.3236, -9.0712, 0.0686
2025-03-05 02:37:50.050949, 320, 240, 6.5690, -0.0016, -0.0059, 0.0021, 0.3236, -9.0712, 0.0294
2025-03-05 02:37:50.117347, 320, 240, 6.2910, -0.0011, -0.0080, 0.0032, 0.3432, -9.0515, 0.0294
2025-03-05 02:37:50.150853, 320, 240, 5.7160, 0.0011, -0.0059, 0.0027, 0.3432, -9.0712, 0.0490
2025-03-05 02:37:50.218064, 320, 240, 6.0660, 0.0043, -0.0059, -0.0011, 0.3236, -9.0712, 0.0490
2025-03-05 02:37:50.284239, 320, 240, 5.6350, -0.0016, -0.0037, -0.0005, 0.3236, -9.0712, 0.0294
2025-03-05 02:37:50.317749, 320, 240, 6.1610, -0.0021, -0.0053, 0.0011, 0.3432, -9.0712, 0.0294
2025-03-05 02:37:50.384111, 320, 240, 6.0660, -0.0016, -0.0080, 0.0043, 0.3236, -9.0712, 0.0490
2025-03-05 02:37:50.450451, 320, 240, 6.0660, -0.0011, -0.0048, 0.0005, 0.3236, -9.0515, 0.0490
2025-03-05 02:37:50.484392, 320, 240, 6.1610, -0.0011, -0.0101, 0.0037, 0.3236, -9.0712, 0.0294
2025-03-05 02:37:50.550889, 320, 240, 5.8860, -0.0011, -0.0091, 0.0016, 0.3236, -9.0712, 0.0294
2025-03-05 02:37:50.617097, 320, 240, 5.8280, -0.0011, -0.0027, 0.0064, 0.3432, -9.0712, 0.0490
2025-03-05 02:37:50.651133, 320, 240, 6.0360, -0.0027, -0.0107, 0.0048, 0.3432, -9.0515, 0.0294
2025-03-05 02:37:50.717885, 320, 240, 5.8860, -0.0005, -0.0112, 0.0027, 0.3236, -9.0712, 0.0098
2025-03-05 02:37:50.784060, 320, 240, 5.9150, 0.0011, -0.0064, 0.0032, 0.3236, -9.0712, 0.0490
2025-03-05 02:37:50.816992, 320, 240, 6.3920, 0.0016, -0.0091, 0.0053, 0.3432, -9.0515, 0.0686
2025-03-05 02:37:50.883993, 320, 240, 5.8860, -0.0016, -0.0069, 0.0043, 0.3432, -9.0712, 0.0098
2025-03-05 02:37:50.918221, 320, 240, 6.0360, -0.0027, -0.0075, 0.0016, 0.3236, -9.0712, 0.0294
2025-03-05 02:37:50.983773, 320, 240, 5.8280, -0.0016, -0.0107, 0.0005, 0.3236, -9.0712, 0.0294
2025-03-05 02:37:51.016612, 320, 240, 5.9150, 0.0027, -0.0064, 0.0037, 0.3432, -9.0515, 0.0294
2025-03-05 02:37:51.084317, 320, 240, 6.2910, 0.0005, -0.0053, 0.0021, 0.3236, -9.0515, 0.0490
2025-03-05 02:37:51.117784, 320, 240, 6.1610, 0.0005, -0.0112, 0.0037, 0.3236, -9.0515, 0.0294
2025-03-05 02:37:51.184200, 320, 240, 6.0360, 0.0011, -0.0048, 0.0032, 0.3236, -9.0712, 0.0490
2025-03-05 02:37:51.217871, 320, 240, 6.0660, 0.0011, -0.0069, 0.0037, 0.3432, -9.0712, 0.0294
2025-03-05 02:37:51.284232, 320, 240, 6.3920, 0.0032, -0.0080, 0.0043, 0.3236, -9.0515, 0.0098
2025-03-05 02:37:51.317779, 320, 240, 6.0660, 0.0021, -0.0032, 0.0048, 0.3432, -9.0712, 0.0098
2025-03-05 02:37:51.384409, 320, 240, 6.2580, 0.0005, -0.0059, 0.0016, 0.3432, -9.0712, 0.0294
2025-03-05 02:37:51.417837, 320, 240, 6.1290, -0.0005, -0.0112, 0.0016, 0.3432, -9.0515, 0.0490
2025-03-05 02:37:51.484135, 320, 240, 6.1290, 0.0021, -0.0112, 0.0053, 0.3236, -9.0712, 0.0294
2025-03-05 02:37:51.517850, 320, 240, 5.8000, -0.0021, -0.0085, -0.0005, 0.3236, -9.0712, 0.0294
2025-03-05 02:37:51.650493, 320, 240, 5.9450, 0.0032, -0.0112, 0.0032, 0.3236, -9.0712, 0.0490
2025-03-05 02:37:51.684501, 320, 240, 6.1290, -0.0011, -0.0064, -0.0005, 0.3432, -9.0515, 0.0098
2025-03-05 02:37:51.751214, 320, 240, 5.8000, 0.0037, -0.0048, 0.0021, 0.3432, -9.0712, 0.0490
2025-03-05 02:37:51.784393, 320, 240, 6.2580, 0.0005, -0.0075, 0.0043, 0.3432, -9.0712, 0.0686
2025-03-05 02:37:51.851589, 320, 240, 6.0360, -0.0027, -0.0059, -0.0005, 0.3236, -9.0712, 0.0098
2025-03-05 02:37:51.917449, 320, 240, 6.4970, -0.0011, -0.0101, -0.0005, 0.3432, -9.0712, 0.0294
2025-03-05 02:37:51.949631, 320, 240, 6.1610, -0.0005, -0.0053, 0.0037, 0.3236, -9.0712, 0.0490
2025-03-05 02:37:52.017969, 320, 240, 5.8570, 0.0011, -0.0080, 0.0043, 0.3236, -9.0712, 0.0294
2025-03-05 02:37:52.083698, 320, 240, 6.2580, 0.0000, -0.0069, 0.0005, 0.3432, -9.0712, 0.0294
2025-03-05 02:37:52.117840, 320, 240, 5.8860, -0.0011, -0.0069, 0.0005, 0.3432, -9.0515, 0.0098
2025-03-05 02:37:52.184417, 320, 240, 6.0360, 0.0000, 0.0000, 0.0021, 0.3236, -9.0515, 0.0490
2025-03-05 02:37:52.217923, 320, 240, 6.0660, 0.0005, -0.0053, 0.0021, 0.3432, -9.0712, 0.0490
2025-03-05 02:37:52.284696, 320, 240, 5.6890, 0.0005, -0.0037, 0.0021, 0.3236, -9.0712, 0.0294
2025-03-05 02:37:52.317991, 320, 240, 5.8000, 0.0027, -0.0075, 0.0005, 0.3236, -9.0712, 0.0294
2025-03-05 02:37:52.385383, 320, 240, 6.0360, -0.0005, -0.0112, 0.0032, 0.3432, -9.0515, 0.0490
2025-03-05 02:37:52.418389, 320, 240, 6.2910, 0.0011, -0.0101, 0.0043, 0.3236, -9.0515, 0.0294
2025-03-05 02:37:52.484455, 320, 240, 6.2580, -0.0016, -0.0059, 0.0005, 0.3236, -9.0515, 0.0294
2025-03-05 02:37:52.517921, 320, 240, 5.9750, 0.0059, -0.0059, -0.0005, 0.3432, -9.0712, 0.0294
2025-03-05 02:37:52.585193, 320, 240, 6.1290, 0.0011, -0.0096, 0.0048, 0.3432, -9.0712, 0.0490
2025-03-05 02:37:52.617829, 320, 240, 5.9750, -0.0011, -0.0043, 0.0005, 0.3236, -9.0515, 0.0490
2025-03-05 02:37:52.816188, 320, 240, 6.2910, -0.0005, -0.0069, 0.0059, 0.3236, -9.0712, 0.0098
2025-03-05 02:37:52.851210, 320, 240, 5.8570, 0.0000, -0.0080, 0.0032, 0.3236, -9.0712, 0.0294
2025-03-05 02:37:52.917694, 320, 240, 6.0660, -0.0037, -0.0096, 0.0032, 0.3236, -9.0712, 0.0490
2025-03-05 02:37:52.949646, 320, 240, 6.0360, -0.0005, -0.0096, 0.0064, 0.3236, -9.0712, 0.0686
2025-03-05 02:37:53.017691, 320, 240, 5.8860, -0.0016, -0.0101, 0.0032, 0.3236, -9.0515, 0.0098
2025-03-05 02:37:54.218421, 320, 240, 5.9750, -0.0016, -0.0123, 0.0021, 0.3236, -9.0515, 0.0294
2025-03-05 02:37:54.250049, 320, 240, 6.5690, 0.0021, -0.0027, 0.0005, 0.3432, -9.0712, 0.0294
2025-03-05 02:37:54.318137, 320, 240, 5.8000, -0.0032, -0.0091, 0.0027, 0.3432, -9.0515, 0.0490
2025-03-05 02:37:54.385383, 320, 240, 6.2910, -0.0016, -0.0085, 0.0021, 0.3236, -9.0515, 0.0490
2025-03-05 02:37:54.418162, 320, 240, 5.8000, -0.0005, -0.0053, 0.0043, 0.3236, -9.0712, 0.0294
2025-03-05 02:37:54.484861, 320, 240, 5.9150, 0.0011, -0.0059, 0.0032, 0.3236, -9.0712, 0.0294
2025-03-05 02:37:54.583789, 320, 240, 6.5690, -0.0037, -0.0085, 0.0032, 0.3236, -9.0515, 0.0294
2025-03-05 02:37:54.618036, 320, 240, 6.3580, 0.0021, -0.0085, 0.0011, 0.3236, -9.0712, 0.0098
2025-03-05 02:37:54.684688, 320, 240, 5.7720, -0.0021, -0.0059, 0.0053, 0.3236, -9.0712, 0.0294
2025-03-05 02:37:54.718029, 320, 240, 5.8280, -0.0016, -0.0043, 0.0053, 0.3236, -9.0712, 0.0490
2025-03-05 02:37:54.784795, 320, 240, 5.9750, 0.0027, -0.0032, 0.0016, 0.3236, -9.0515, 0.0294
2025-03-05 02:37:54.816617, 320, 240, 6.0360, -0.0011, -0.0053, 0.0032, 0.3432, -9.0712, 0.0294
2025-03-05 02:37:54.884516, 320, 240, 6.1290, 0.0005, -0.0080, 0.0021, 0.3236, -9.0712, 0.0490
2025-03-05 02:37:54.917306, 320, 240, 6.0360, -0.0005, -0.0091, 0.0059, 0.3432, -9.0515, 0.0490
2025-03-05 02:37:54.984374, 320, 240, 6.2250, 0.0011, -0.0085, 0.0027, 0.3236, -9.0712, 0.0098
2025-03-05 02:37:55.017951, 320, 240, 6.1290, 0.0011, -0.0064, 0.0011, 0.3236, -9.0712, 0.0098
2025-03-05 02:37:55.083399, 320, 240, 5.9450, -0.0027, -0.0133, 0.0064, 0.3236, -9.0712, 0.0490
2025-03-05 02:37:55.117346, 320, 240, 5.7720, 0.0011, -0.0117, 0.0011, 0.3236, -9.0515, 0.0294
2025-03-05 02:37:58.384973, 320, 240, 5.9150, 0.0011, -0.0011, 0.0011, 0.3236, -9.0712, 0.0490
2025-03-05 02:37:58.417461, 320, 240, 5.9450, -0.0005, -0.0080, 0.0027, 0.3236, -9.0712, 0.0686
2025-03-05 02:37:58.485999, 320, 240, 5.9450, 0.0037, -0.0064, 0.0043, 0.3236, -9.0712, 0.0490
2025-03-05 02:37:58.518779, 320, 240, 6.2250, -0.0016, -0.0096, 0.0043, 0.3432, -9.0515, 0.0294
2025-03-05 02:37:58.584785, 320, 240, 5.9750, -0.0021, -0.0064, 0.0016, 0.3236, -9.0515, 0.0294
2025-03-05 02:37:58.618012, 320, 240, 5.9750, -0.0011, -0.0037, 0.0016, 0.3236, -9.0712, 0.0490
2025-03-05 02:37:58.752394, 320, 240, 5.8860, 0.0011, -0.0053, -0.0037, 0.3432, -9.0712, 0.0294
2025-03-05 02:37:58.785405, 320, 240, 5.9150, 0.0027, -0.0064, 0.0016, 0.3236, -9.0712, 0.0294
2025-03-05 02:37:58.852130, 320, 240, 6.2250, -0.0011, -0.0096, 0.0016, 0.3432, -9.0712, 0.0686
2025-03-05 02:37:59.052344, 320, 240, 5.9150, 0.0005, -0.0048, 0.0011, 0.3236, -9.0515, 0.0294
2025-03-05 02:37:59.085502, 320, 240, 6.0360, 0.0011, -0.0053, 0.0032, 0.3432, -9.0712, 0.0490
2025-03-05 02:37:59.150753, 320, 240, 5.8860, 0.0011, -0.0091, 0.0053, 0.3236, -9.0712, 0.0098
2025-03-05 02:37:59.185398, 320, 240, 5.8570, -0.0032, -0.0027, 0.0043, 0.3236, -9.0712, 0.0294
2025-03-05 02:37:59.251184, 320, 240, 5.9450, -0.0021, -0.0059, 0.0005, 0.3432, -9.0712, 0.0490
2025-03-05 02:37:59.352419, 320, 240, 5.8570, 0.0016, -0.0059, 0.0032, 0.3432, -9.0712, 0.0294
2025-03-05 02:37:59.385930, 320, 240, 6.1290, 0.0000, -0.0053, 0.0021, 0.3432, -9.0515, 0.0294
2025-03-05 02:37:59.451457, 320, 240, 6.2910, -0.0021, -0.0085, 0.0016, 0.3432, -9.0515, 0.0490
2025-03-05 02:37:59.617968, 320, 240, 6.2910, -0.0021, -0.0069, -0.0021, 0.3432, -9.0515, 0.0294
2025-03-05 02:37:59.652541, 320, 240, 5.8570, -0.0011, -0.0085, 0.0043, 0.3236, -9.0515, 0.0490
2025-03-05 02:37:59.718271, 320, 240, 5.8280, -0.0016, -0.0085, 0.0005, 0.3236, -9.0515, 0.0294
2025-03-05 02:37:59.751659, 320, 240, 5.8860, -0.0011, -0.0043, 0.0027, 0.3236, -9.0712, 0.0098
2025-03-05 02:37:59.885676, 320, 240, 6.6420, 0.0000, -0.0053, 0.0064, 0.3432, -9.0515, 0.0098
2025-03-05 02:37:59.919051, 320, 240, 5.8000, -0.0043, -0.0123, 0.0016, 0.3236, -9.0515, 0.0098
2025-03-05 02:37:59.985664, 320, 240, 5.8860, 0.0011, -0.0080, 0.0037, 0.3236, -9.0515, 0.0490
2025-03-05 02:38:00.951954, 320, 240, 6.1610, -0.0032, -0.0096, 0.0064, 0.3432, -9.0712, 0.0490
2025-03-05 02:38:00.985913, 320, 240, 6.2580, 0.0021, -0.0112, 0.0064, 0.3236, -9.0712, 0.0294
2025-03-05 02:38:01.052733, 320, 240, 5.8570, -0.0016, -0.0043, 0.0021, 0.3236, -9.0515, 0.0294
2025-03-05 02:38:01.086117, 320, 240, 6.0660, -0.0016, -0.0053, 0.0016, 0.3236, -9.0515, 0.0294
2025-03-05 02:38:01.152599, 320, 240, 5.9450, 0.0032, -0.0069, 0.0037, 0.3236, -9.0515, 0.0294
2025-03-05 02:38:01.184463, 320, 240, 5.9750, -0.0011, -0.0080, 0.0027, 0.3236, -9.0515, 0.0490
2025-03-05 02:38:01.252981, 320, 240, 6.2910, -0.0011, -0.0059, 0.0043, 0.3236, -9.0712, 0.0490
2025-03-05 02:38:01.286574, 320, 240, 5.9750, -0.0021, -0.0064, 0.0021, 0.3432, -9.0515, 0.0294
2025-03-05 02:38:05.020464, 320, 240, 6.2580, 0.0011, -0.0053, 0.0037, 0.3236, -9.0712, 0.0490
2025-03-05 02:38:05.052398, 320, 240, 6.4970, -0.0011, -0.0107, 0.0043, 0.3236, -9.0712, 0.0294
2025-03-05 02:38:05.120066, 320, 240, 5.9750, -0.0016, -0.0069, 0.0021, 0.3236, -9.0712, 0.0294
2025-03-05 02:38:05.154030, 320, 240, 6.2250, 0.0016, -0.0037, 0.0016, 0.3236, -9.0712, 0.0490
2025-03-05 02:38:05.220235, 320, 240, 6.1610, 0.0032, -0.0053, 0.0011, 0.3432, -9.0712, 0.0490
2025-03-05 02:38:05.252090, 320, 240, 6.0660, -0.0037, -0.0064, 0.0032, 0.3236, -9.0712, 0.0490
2025-03-05 02:38:05.320394, 320, 240, 6.6060, -0.0021, -0.0085, 0.0037, 0.3236, -9.0515, 0.0490
2025-03-05 02:38:05.353753, 320, 240, 6.2910, -0.0032, -0.0117, -0.0016, 0.3236, -9.0712, 0.0490
2025-03-05 02:38:05.420889, 320, 240, 5.8000, -0.0011, -0.0085, 0.0043, 0.3432, -9.0515, 0.0294
2025-03-05 02:38:05.453768, 320, 240, 6.1290, -0.0027, -0.0117, 0.0016, 0.3236, -9.0515, 0.0294
2025-03-05 02:38:05.520725, 320, 240, 5.8280, 0.0000, -0.0064, 0.0037, 0.3432, -9.0515, 0.0490
2025-03-05 02:38:05.553816, 320, 240, 5.9750, 0.0027, -0.0053, 0.0032, 0.3432, -9.0712, 0.0490
2025-03-05 02:38:05.620795, 320, 240, 6.0360, -0.0021, -0.0053, 0.0021, 0.3236, -9.0515, 0.0490
2025-03-05 02:38:05.653837, 320, 240, 5.7720, -0.0053, -0.0075, 0.0005, 0.3432, -9.0515, 0.0686
2025-03-05 02:38:05.720887, 320, 240, 5.8860, 0.0021, -0.0075, 0.0032, 0.3236, -9.0712, 0.0490
2025-03-05 02:38:05.754425, 320, 240, 6.4970, 0.0011, -0.0096, 0.0032, 0.3236, -9.0515, 0.0294
2025-03-05 02:38:06.287417, 320, 240, 6.2580, -0.0005, -0.0069, -0.0011, 0.3236, -9.0712, 0.0294
2025-03-05 02:38:06.321017, 320, 240, 6.2250, 0.0000, -0.0096, 0.0011, 0.3432, -9.0712, 0.0490
2025-03-05 02:38:06.387842, 320, 240, 6.3580, -0.0011, -0.0123, -0.0005, 0.3432, -9.0515, 0.0490
2025-03-05 02:38:06.419974, 320, 240, 6.1610, -0.0048, -0.0037, 0.0000, 0.3432, -9.0712, 0.0294
2025-03-05 02:38:07.454309, 320, 240, 6.0360, -0.0027, -0.0080, 0.0000, 0.3236, -9.0712, 0.0490
2025-03-05 02:38:07.487687, 320, 240, 6.6060, 0.0011, -0.0107, 0.0011, 0.3236, -9.0712, 0.0294
2025-03-05 02:38:07.554289, 320, 240, 5.9150, 0.0011, -0.0043, 0.0016, 0.3236, -9.0712, 0.0098
2025-03-05 02:38:07.654398, 320, 240, 5.9150, 0.0016, -0.0085, -0.0027, 0.3236, -9.0712, 0.0490
2025-03-05 02:38:07.687497, 320, 240, 6.2580, -0.0032, -0.0085, -0.0005, 0.3432, -9.0712, 0.0490
2025-03-05 02:38:07.753946, 320, 240, 5.9150, 0.0043, -0.0059, 0.0048, 0.3236, -9.0712, 0.0294
2025-03-05 02:38:07.787653, 320, 240, 5.8570, 0.0000, -0.0011, 0.0027, 0.3432, -9.0908, 0.0294
2025-03-05 02:38:07.854413, 320, 240, 6.0660, -0.0011, -0.0064, 0.0043, 0.3236, -9.0515, 0.0294
2025-03-05 02:38:07.887369, 320, 240, 6.6060, -0.0021, -0.0069, 0.0043, 0.3236, -9.0712, 0.0490
2025-03-05 02:38:07.953623, 320, 240, 5.7160, -0.0037, -0.0107, 0.0000, 0.3236, -9.0712, 0.0294
2025-03-05 02:38:08.053092, 320, 240, 6.1290, 0.0011, -0.0059, 0.0037, 0.3236, -9.0712, 0.0294
2025-03-05 02:38:08.088259, 320, 240, 5.9750, 0.0021, -0.0032, 0.0027, 0.3236, -9.0515, 0.0294
2025-03-05 02:38:08.154620, 320, 240, 5.9750, 0.0000, -0.0091, 0.0037, 0.3432, -9.0515, 0.0294
2025-03-05 02:38:08.186946, 320, 240, 5.8860, 0.0000, -0.0069, 0.0021, 0.3432, -9.0515, 0.0490
2025-03-05 02:38:08.287124, 320, 240, 5.8280, -0.0011, -0.0080, 0.0021, 0.3236, -9.0712, 0.0490
2025-03-05 02:38:17.386546, 320, 240, 5.7160, 0.0000, -0.0053, 0.0032, 0.3236, -9.0515, 0.0098
2025-03-05 02:38:17.419783, 320, 240, 5.8860, -0.0027, -0.0123, 0.0032, 0.3236, -9.0712, 0.0490
2025-03-05 02:38:17.487514, 320, 240, 5.8860, -0.0005, -0.0064, 0.0011, 0.3236, -9.0712, 0.0490
2025-03-05 02:38:17.520825, 320, 240, 5.9450, 0.0000, -0.0075, 0.0027, 0.3236, -9.0712, 0.0294
2025-03-05 02:38:17.721460, 320, 240, 5.9450, -0.0037, -0.0128, 0.0048, 0.3432, -9.0515, 0.0294
2025-03-05 02:38:17.753703, 320, 240, 5.7720, 0.0000, -0.0064, 0.0053, 0.3236, -9.0712, 0.0490
2025-03-05 02:38:17.820826, 320, 240, 6.1290, -0.0011, -0.0069, 0.0048, 0.3236, -9.0712, 0.0098
2025-03-05 02:38:17.854452, 320, 240, 6.1290, -0.0016, -0.0069, 0.0048, 0.3236, -9.0712, 0.0294
2025-03-05 02:38:17.921250, 320, 240, 6.3920, 0.0021, -0.0085, 0.0027, 0.3236, -9.0712, 0.0490
2025-03-05 02:38:17.955060, 320, 240, 6.3580, -0.0011, -0.0069, 0.0021, 0.3432, -9.0515, 0.0098
2025-03-05 02:38:18.020889, 320, 240, 5.8570, 0.0037, -0.0112, 0.0037, 0.3236, -9.0712, 0.0294
2025-03-05 02:38:18.419288, 320, 240, 6.2250, 0.0027, -0.0085, 0.0032, 0.3432, -9.0712, 0.0294
2025-03-05 02:38:18.454655, 320, 240, 6.0360, -0.0016, -0.0075, 0.0032, 0.3432, -9.0712, 0.0490
2025-03-05 02:38:18.520944, 320, 240, 5.9150, -0.0021, -0.0091, 0.0005, 0.3236, -9.0712, 0.0294
2025-03-05 02:38:18.554283, 320, 240, 6.0660, 0.0000, -0.0101, 0.0027, 0.3432, -9.0515, 0.0294
2025-03-05 02:38:18.620825, 320, 240, 5.8860, 0.0011, -0.0037, 0.0021, 0.3432, -9.0515, 0.0490
2025-03-05 02:38:18.654476, 320, 240, 6.1290, 0.0016, -0.0059, 0.0005, 0.3432, -9.0712, 0.0490
2025-03-05 02:38:18.720982, 320, 240, 5.9750, -0.0005, -0.0096, 0.0000, 0.3432, -9.0712, 0.0294
2025-03-05 02:38:18.754168, 320, 240, 5.9150, 0.0005, -0.0091, 0.0011, 0.3236, -9.0712, 0.0098
2025-03-05 02:38:18.820926, 320, 240, 5.9150, 0.0011, -0.0059, 0.0016, 0.3236, -9.0712, 0.0294
2025-03-05 02:38:18.854102, 320, 240, 6.4970, 0.0000, -0.0005, 0.0043, 0.3236, -9.0712, 0.0294
2025-03-05 02:38:18.920967, 320, 240, 6.2250, -0.0027, -0.0080, 0.0016, 0.3432, -9.0712, 0.0294
2025-03-05 02:38:19.187281, 320, 240, 5.9450, -0.0011, -0.0075, 0.0000, 0.3236, -9.0515, 0.0294
2025-03-05 02:38:19.220860, 320, 240, 5.8860, -0.0011, -0.0048, 0.0053, 0.3236, -9.0712, 0.0294
2025-03-05 02:38:19.287380, 320, 240, 6.1610, 0.0011, -0.0059, 0.0027, 0.3236, -9.0515, 0.0294
2025-03-05 02:38:19.320836, 320, 240, 5.8000, 0.0000, -0.0075, 0.0032, 0.3432, -9.0712, 0.0490
2025-03-05 02:38:19.387500, 320, 240, 5.9150, -0.0032, -0.0112, 0.0053, 0.3432, -9.0712, 0.0490
2025-03-05 02:38:19.419308, 320, 240, 5.8570, 0.0027, -0.0091, 0.0032, 0.3432, -9.0712, 0.0490
2025-03-05 02:38:19.486358, 320, 240, 6.2250, 0.0005, -0.0032, 0.0032, 0.3236, -9.0712, 0.0294
2025-03-05 02:38:19.520925, 320, 240, 6.1290, -0.0037, -0.0091, 0.0016, 0.3432, -9.0712, 0.0294
2025-03-05 02:38:19.587371, 320, 240, 6.5690, -0.0011, -0.0091, -0.0005, 0.3236, -9.0515, 0.0490
2025-03-05 02:38:19.620960, 320, 240, 5.9750, -0.0011, -0.0075, 0.0053, 0.3236, -9.0712, 0.0294
2025-03-05 02:38:19.687176, 320, 240, 5.8860, -0.0059, -0.0101, 0.0043, 0.3236, -9.0712, 0.0294
2025-03-05 02:38:19.720754, 320, 240, 5.9450, 0.0000, -0.0043, 0.0053, 0.3236, -9.0515, 0.0294
2025-03-05 02:38:19.787833, 320, 240, 6.0660, 0.0016, -0.0069, 0.0037, 0.3432, -9.0712, 0.0294
2025-03-05 02:38:19.985745, 320, 240, 6.1610, -0.0021, -0.0091, 0.0005, 0.3432, -9.0712, 0.0490
2025-03-05 02:38:20.020856, 320, 240, 6.0360, 0.0016, -0.0053, -0.0011, 0.3236, -9.0712, 0.0490
2025-03-05 02:38:20.087528, 320, 240, 6.0660, -0.0016, -0.0027, 0.0027, 0.3236, -9.0712, 0.0294
2025-03-05 02:38:20.153798, 320, 240, 5.9450, 0.0011, -0.0085, 0.0064, 0.3236, -9.0712, 0.0294
2025-03-05 02:38:20.187323, 320, 240, 5.8860, -0.0005, -0.0027, 0.0037, 0.3432, -9.0515, 0.0490
2025-03-05 02:38:20.253742, 320, 240, 6.5330, -0.0005, -0.0053, -0.0011, 0.3236, -9.0515, 0.0294
2025-03-05 02:38:20.287426, 320, 240, 6.0660, 0.0000, -0.0091, 0.0000, 0.3236, -9.0515, 0.0294
2025-03-05 02:38:20.353818, 320, 240, 6.2250, 0.0037, -0.0048, 0.0053, 0.3236, -9.0515, 0.0294
2025-03-05 02:38:20.387436, 320, 240, 5.7160, -0.0021, -0.0080, 0.0021, 0.3236, -9.0712, 0.0490
2025-03-05 02:38:20.452473, 320, 240, 6.0360, -0.0037, -0.0080, -0.0005, 0.3236, -9.0712, 0.0490
2025-03-05 02:38:20.487120, 320, 240, 6.1610, -0.0005, -0.0053, 0.0032, 0.3432, -9.0712, 0.0490
2025-03-05 02:38:20.553986, 320, 240, 5.8860, 0.0011, -0.0117, 0.0011, 0.3236, -9.0712, 0.0098
2025-03-05 02:38:20.586682, 320, 240, 6.3580, 0.0016, -0.0080, 0.0016, 0.3432, -9.0712, 0.0490
2025-03-05 02:38:20.654177, 320, 240, 5.9750, 0.0032, -0.0107, 0.0000, 0.3432, -9.0712, 0.0490
2025-03-05 02:38:20.687462, 320, 240, 5.9150, -0.0011, -0.0064, 0.0053, 0.3236, -9.0712, 0.0294
2025-03-05 02:38:20.754040, 320, 240, 5.9750, 0.0011, -0.0085, 0.0048, 0.3432, -9.0712, 0.0294
2025-03-05 02:38:20.787535, 320, 240, 5.8860, -0.0005, -0.0080, 0.0021, 0.3236, -9.0712, 0.0294
2025-03-05 02:38:20.854087, 320, 240, 5.7720, -0.0037, -0.0064, 0.0037, 0.3432, -9.0712, 0.0294
2025-03-05 02:38:20.887402, 320, 240, 6.3920, 0.0027, -0.0075, 0.0011, 0.3236, -9.0712, 0.0294
2025-03-05 02:38:20.953708, 320, 240, 6.0660, -0.0069, -0.0059, 0.0048, 0.3432, -9.0712, 0.0490
2025-03-05 02:38:20.985892, 320, 240, 6.0660, 0.0053, -0.0064, -0.0005, 0.3432, -9.0515, 0.0294
2025-03-05 02:38:21.054415, 320, 240, 5.9450, -0.0011, -0.0085, 0.0005, 0.3236, -9.0712, 0.0490
2025-03-05 02:38:21.087203, 320, 240, 6.1290, -0.0037, -0.0091, 0.0064, 0.3432, -9.0712, 0.0490
2025-03-05 02:38:21.154102, 320, 240, 5.8570, -0.0037, -0.0053, 0.0005, 0.3236, -9.0712, 0.0294
2025-03-05 02:38:21.220141, 320, 240, 5.7720, 0.0005, -0.0080, 0.0032, 0.3236, -9.0515, 0.0294
2025-03-05 02:38:21.254076, 320, 240, 5.9150, 0.0016, -0.0043, 0.0021, 0.3432, -9.0712, 0.0490
2025-03-05 02:38:21.320693, 320, 240, 6.2250, -0.0011, -0.0037, 0.0027, 0.3432, -9.0712, 0.0294
2025-03-05 02:38:21.386905, 320, 240, 6.1610, -0.0037, -0.0133, 0.0043, 0.3236, -9.0319, 0.0294
2025-03-05 02:38:21.420171, 320, 240, 6.5330, 0.0005, -0.0053, 0.0027, 0.3236, -9.0515, 0.0294
2025-03-05 02:38:21.487108, 320, 240, 6.0660, -0.0011, -0.0091, -0.0005, 0.3236, -9.0712, 0.0294
2025-03-05 02:38:21.587290, 320, 240, 5.9150, -0.0043, -0.0080, 0.0021, 0.3236, -9.0712, 0.0294
2025-03-05 02:38:21.620469, 320, 240, 6.0360, 0.0048, -0.0091, 0.0048, 0.3236, -9.0712, 0.0294
2025-03-05 02:38:21.687611, 320, 240, 5.8570, -0.0043, -0.0101, 0.0043, 0.3432, -9.0712, 0.0294
2025-03-05 02:38:21.720810, 320, 240, 5.9150, -0.0011, -0.0069, 0.0048, 0.3236, -9.0712, 0.0490
2025-03-05 02:38:21.853579, 320, 240, 6.0660, -0.0011, -0.0101, 0.0032, 0.3432, -9.0515, 0.0294
2025-03-05 02:38:21.887493, 320, 240, 5.9150, -0.0021, -0.0096, 0.0021, 0.3236, -9.0712, 0.0294
2025-03-05 02:38:21.953711, 320, 240, 6.5330, -0.0005, -0.0048, 0.0032, 0.3432, -9.0712, 0.0490
2025-03-05 02:38:22.253566, 320, 240, 5.7720, -0.0016, -0.0085, 0.0037, 0.3236, -9.0515, 0.0490
2025-03-05 02:38:22.520505, 320, 240, 5.7440, -0.0005, -0.0075, -0.0005, 0.3432, -9.0712, 0.0294
2025-03-05 02:38:23.687130, 320, 240, 6.2910, 0.0011, -0.0053, 0.0000, 0.3432, -9.0712, 0.0490
2025-03-05 02:38:23.720557, 320, 240, 6.0660, 0.0011, -0.0048, 0.0032, 0.3432, -9.0712, 0.0294
2025-03-05 02:38:23.787228, 320, 240, 5.9750, -0.0048, -0.0075, 0.0021, 0.3236, -9.0515, 0.0490
2025-03-05 02:38:23.820525, 320, 240, 5.9750, 0.0021, -0.0005, 0.0043, 0.3236, -9.0515, 0.0098
2025-03-05 02:38:23.887120, 320, 240, 6.2250, -0.0005, -0.0053, 0.0011, 0.3432, -9.0515, 0.0294
2025-03-05 02:38:23.920628, 320, 240, 5.9450, -0.0021, -0.0080, 0.0043, 0.3236, -9.0712, 0.0294
2025-03-05 02:38:23.985537, 320, 240, 6.1610, -0.0011, -0.0069, 0.0005, 0.3236, -9.0515, 0.0490
2025-03-05 02:38:24.019163, 320, 240, 5.8000, 0.0005, -0.0032, -0.0027, 0.3236, -9.0515, 0.0294
2025-03-05 02:38:28.087675, 320, 240, 5.7160, -0.0021, -0.0059, 0.0043, 0.3236, -9.0712, 0.0490
2025-03-05 02:38:28.118764, 320, 240, 5.8860, 0.0005, -0.0075, 0.0027, 0.3432, -9.0515, 0.0490
2025-03-05 02:38:28.187374, 320, 240, 5.9150, -0.0011, -0.0059, 0.0000, 0.3236, -9.0515, 0.0490
2025-03-05 02:38:28.220763, 320, 240, 6.0660, -0.0011, -0.0075, 0.0021, 0.3432, -9.0712, 0.0294
2025-03-05 02:38:28.287043, 320, 240, 6.3920, -0.0021, -0.0069, 0.0027, 0.3236, -9.0515, 0.0294
2025-03-05 02:38:28.320557, 320, 240, 6.2250, -0.0016, -0.0101, 0.0043, 0.3236, -9.0712, 0.0294
2025-03-05 02:38:28.386569, 320, 240, 5.8000, 0.0005, -0.0021, 0.0037, 0.3628, -9.0712, 0.0294
2025-03-05 02:38:28.420108, 320, 240, 6.0360, 0.0016, -0.0053, 0.0032, 0.3432, -9.0515, 0.0490
2025-03-05 02:38:28.520973, 320, 240, 5.9150, -0.0011, -0.0085, 0.0043, 0.3236, -9.0515, 0.0294
2025-03-05 02:38:28.553392, 320, 240, 5.8000, 0.0016, -0.0043, 0.0016, 0.3236, -9.0712, 0.0294
2025-03-05 02:38:28.619739, 320, 240, 6.2250, -0.0011, -0.0069, 0.0021, 0.3432, -9.0515, 0.0294
2025-03-05 02:38:28.720455, 320, 240, 6.0360, 0.0011, -0.0048, -0.0005, 0.3236, -9.0712, 0.0294
2025-03-05 02:38:28.753795, 320, 240, 6.2910, 0.0005, -0.0112, 0.0016, 0.3236, -9.0515, 0.0294
2025-03-05 02:38:28.820513, 320, 240, 5.8000, -0.0005, -0.0112, 0.0059, 0.3236, -9.0712, 0.0490
2025-03-05 02:38:28.853891, 320, 240, 6.2250, -0.0016, -0.0053, 0.0048, 0.3236, -9.0515, 0.0294
2025-03-05 02:38:28.920495, 320, 240, 5.9750, 0.0011, -0.0048, 0.0032, 0.3432, -9.0515, 0.0294
2025-03-05 02:38:28.954009, 320, 240, 5.8570, -0.0011, -0.0037, 0.0043, 0.3236, -9.0515, 0.0490
2025-03-05 02:38:29.019007, 320, 240, 5.9150, 0.0005, -0.0080, 0.0059, 0.3236, -9.0712, 0.0490
2025-03-05 02:38:29.053906, 320, 240, 5.8860, -0.0005, -0.0069, 0.0005, 0.3236, -9.0712, 0.0294
2025-03-05 02:38:29.119102, 320, 240, 5.8000, -0.0005, -0.0037, 0.0011, 0.3236, -9.0712, 0.0294
2025-03-05 02:38:29.154076, 320, 240, 6.0360, 0.0016, -0.0027, 0.0021, 0.3236, -9.0515, 0.0490
2025-03-05 02:38:29.220456, 320, 240, 5.9450, 0.0016, -0.0048, 0.0021, 0.3236, -9.0515, 0.0294
2025-03-05 02:38:29.253694, 320, 240, 6.5330, 0.0005, -0.0064, 0.0027, 0.3432, -9.0712, 0.0490
2025-03-05 02:38:29.320615, 320, 240, 6.0360, 0.0021, -0.0133, 0.0005, 0.3236, -9.0712, 0.0294
2025-03-05 02:38:29.353962, 320, 240, 6.0660, 0.0043, -0.0053, 0.0027, 0.3236, -9.0712, 0.0294
2025-03-05 02:38:29.652190, 320, 240, 6.2250, 0.0021, -0.0059, 0.0021, 0.3236, -9.0712, 0.0098
2025-03-05 02:38:29.686410, 320, 240, 6.3580, 0.0021, -0.0048, 0.0005, 0.3432, -9.0712, 0.0490
2025-03-05 02:38:29.753921, 320, 240, 6.1610, -0.0011, -0.0032, 0.0011, 0.3432, -9.0712, 0.0490
2025-03-05 02:38:29.787562, 320, 240, 6.1290, -0.0011, -0.0059, 0.0021, 0.3236, -9.0712, 0.0490
2025-03-05 02:38:29.853646, 320, 240, 6.3580, 0.0005, -0.0059, 0.0043, 0.3236, -9.0515, 0.0490
2025-03-05 02:38:29.887346, 320, 240, 6.4970, 0.0011, -0.0091, 0.0032, 0.3432, -9.0712, 0.0294
2025-03-05 02:38:29.953744, 320, 240, 6.4620, -0.0016, -0.0069, 0.0075, 0.3432, -9.0712, 0.0490
2025-03-05 02:38:29.985599, 320, 240, 5.9450, -0.0016, -0.0069, 0.0032, 0.3236, -9.0515, 0.0294
2025-03-05 02:38:30.053394, 320, 240, 5.9750, -0.0027, -0.0101, 0.0011, 0.3432, -9.0712, 0.0294
2025-03-05 02:38:30.087312, 320, 240, 5.9450, 0.0032, -0.0059, 0.0011, 0.3236, -9.0515, 0.0294
2025-03-05 02:38:30.153277, 320, 240, 6.3920, 0.0000, -0.0043, 0.0016, 0.3432, -9.0515, 0.0490
2025-03-05 02:38:30.186803, 320, 240, 5.9150, -0.0005, -0.0032, 0.0021, 0.3432, -9.0712, 0.0294
2025-03-05 02:38:30.253535, 320, 240, 6.0360, 0.0000, -0.0123, 0.0059, 0.3236, -9.0712, 0.0294
2025-03-05 02:38:30.286875, 320, 240, 5.8570, 0.0016, -0.0091, -0.0005, 0.3236, -9.0712, 0.0490
2025-03-05 02:38:30.353650, 320, 240, 5.9750, -0.0037, -0.0123, 0.0032, 0.3236, -9.0712, 0.0490
2025-03-05 02:38:30.387592, 320, 240, 6.3580, -0.0011, -0.0053, 0.0037, 0.3432, -9.0712, 0.0294
2025-03-05 02:38:30.487127, 320, 240, 6.1290, -0.0011, -0.0107, 0.0053, 0.3236, -9.0712, 0.0294
2025-03-05 02:38:30.520279, 320, 240, 6.2250, 0.0011, -0.0053, 0.0032, 0.3432, -9.0515, 0.0294
2025-03-05 02:38:30.586547, 320, 240, 5.7160, -0.0011, -0.0027, 0.0016, 0.3236, -9.0515, 0.0098
2025-03-05 02:38:30.619801, 320, 240, 6.2250, -0.0021, -0.0101, 0.0037, 0.3432, -9.0712, 0.0490
2025-03-05 02:38:30.753725, 320, 240, 6.2250, 0.0037, -0.0053, 0.0037, 0.3236, -9.0515, 0.0294
2025-03-05 02:38:30.787186, 320, 240, 5.7160, 0.0000, -0.0096, 0.0059, 0.3236, -9.0515, 0.0490
2025-03-05 02:38:30.853552, 320, 240, 6.0660, 0.0000, -0.0075, 0.0005, 0.3236, -9.0712, 0.0294
2025-03-05 02:38:31.019897, 320, 240, 6.3920, 0.0000, -0.0059, 0.0027, 0.3432, -9.0712, 0.0490
2025-03-05 02:38:31.053042, 320, 240, 6.2250, 0.0011, -0.0048, 0.0016, 0.3236, -9.0712, 0.0490
2025-03-05 02:38:31.120557, 320, 240, 5.7440, 0.0021, -0.0069, 0.0021, 0.3236, -9.0515, 0.0490
2025-03-05 02:38:31.152280, 320, 240, 5.9750, -0.0021, -0.0053, 0.0000, 0.3236, -9.0515, 0.0294
2025-03-05 02:38:31.220466, 320, 240, 6.2250, -0.0011, -0.0048, 0.0027, 0.3236, -9.0712, 0.0294
2025-03-05 02:38:31.252417, 320, 240, 5.8860, -0.0016, -0.0075, -0.0005, 0.3432, -9.0712, 0.0490
2025-03-05 02:38:31.320507, 320, 240, 6.0660, 0.0011, -0.0069, 0.0037, 0.3432, -9.0712, 0.0294
2025-03-05 02:38:31.353764, 320, 240, 5.7440, 0.0011, -0.0091, 0.0005, 0.3236, -9.0712, 0.0490
2025-03-05 02:38:31.420480, 320, 240, 6.2250, 0.0027, -0.0080, 0.0037, 0.3236, -9.0515, 0.0294
2025-03-05 02:38:31.453887, 320, 240, 6.2250, 0.0011, -0.0069, 0.0011, 0.3236, -9.0712, 0.0490
2025-03-05 02:38:31.520683, 320, 240, 6.0360, 0.0027, -0.0112, 0.0027, 0.3432, -9.0515, 0.0294
2025-03-05 02:38:31.554032, 320, 240, 6.2580, -0.0059, -0.0096, 0.0032, 0.3236, -9.0515, 0.0294
2025-03-05 02:38:31.620118, 320, 240, 5.8000, 0.0027, -0.0080, 0.0043, 0.3040, -9.0515, 0.0490
2025-03-05 02:38:31.653923, 320, 240, 5.9150, -0.0021, -0.0059, 0.0027, 0.3236, -9.0712, 0.0490
2025-03-05 02:38:31.720540, 320, 240, 6.1610, 0.0016, -0.0075, 0.0053, 0.3432, -9.0712, 0.0294
2025-03-05 02:38:31.753797, 320, 240, 5.9450, 0.0043, -0.0048, 0.0005, 0.3236, -9.0515, 0.0294
2025-03-05 02:38:31.820660, 320, 240, 5.8570, -0.0021, -0.0064, 0.0011, 0.3236, -9.0515, 0.0294
2025-03-05 02:38:31.853582, 320, 240, 6.1290, -0.0032, -0.0091, 0.0005, 0.3236, -9.0712, 0.0490
2025-03-05 02:38:31.920651, 320, 240, 5.8000, 0.0021, -0.0069, 0.0011, 0.3432, -9.0712, 0.0490
2025-03-05 02:38:31.953878, 320, 240, 6.1290, 0.0021, -0.0048, 0.0027, 0.3432, -9.0712, 0.0294
2025-03-05 02:38:32.020371, 320, 240, 5.8860, 0.0032, -0.0085, 0.0053, 0.3236, -9.0515, 0.0098
2025-03-05 02:38:32.053965, 320, 240, 6.0360, -0.0016, -0.0101, -0.0005, 0.3236, -9.0515, 0.0490
2025-03-05 02:38:32.120366, 320, 240, 6.2250, 0.0021, -0.0075, -0.0016, 0.3432, -9.0712, 0.0294
2025-03-05 02:38:32.152378, 320, 240, 5.8570, 0.0005, -0.0064, 0.0032, 0.3432, -9.0712, 0.0490
2025-03-05 02:38:32.220632, 320, 240, 5.8860, -0.0011, -0.0080, 0.0053, 0.3236, -9.0712, 0.0490
2025-03-05 02:38:32.253749, 320, 240, 5.7160, -0.0064, -0.0101, 0.0021, 0.3432, -9.0712, 0.0490
2025-03-05 02:38:32.320503, 320, 240, 5.9150, 0.0016, -0.0069, 0.0011, 0.3236, -9.0515, 0.0294
2025-03-05 02:38:32.353878, 320, 240, 6.0660, -0.0032, -0.0069, -0.0027, 0.3432, -9.0712, 0.0490
2025-03-05 02:38:32.420407, 320, 240, 6.2580, 0.0011, -0.0096, 0.0053, 0.3236, -9.0712, 0.0490
2025-03-05 02:38:32.453940, 320, 240, 6.1610, 0.0005, -0.0059, 0.0016, 0.3432, -9.0712, 0.0490
2025-03-05 02:38:32.520944, 320, 240, 5.9750, -0.0027, -0.0085, 0.0059, 0.3236, -9.0712, 0.0294
2025-03-05 02:38:32.554541, 320, 240, 5.9750, -0.0005, -0.0085, 0.0027, 0.3432, -9.0712, 0.0294
2025-03-05 02:38:32.620333, 320, 240, 6.1290, 0.0016, -0.0096, 0.0032, 0.3236, -9.0712, 0.0294
2025-03-05 02:38:32.653967, 320, 240, 6.2910, 0.0005, -0.0075, 0.0059, 0.3236, -9.0712, 0.0294
2025-03-05 02:38:32.720564, 320, 240, 6.1610, 0.0011, -0.0043, 0.0027, 0.3432, -9.0712, 0.0294
2025-03-05 02:38:32.754089, 320, 240, 6.2580, 0.0011, -0.0032, 0.0027, 0.3432, -9.0712, 0.0294
2025-03-05 02:38:32.820960, 320, 240, 6.7170, 0.0005, -0.0043, 0.0027, 0.3236, -9.0515, 0.0490
2025-03-05 02:38:32.853743, 320, 240, 5.8860, -0.0005, -0.0027, 0.0037, 0.3432, -9.0515, 0.0294
2025-03-05 02:38:32.921043, 320, 240, 6.1610, 0.0000, -0.0091, 0.0016, 0.3236, -9.0712, 0.0490
2025-03-05 02:38:32.953995, 320, 240, 5.7160, -0.0011, -0.0096, 0.0037, 0.3432, -9.0515, 0.0294
2025-03-05 02:38:33.019191, 320, 240, 6.0660, -0.0011, -0.0048, 0.0027, 0.3236, -9.0515, 0.0294
2025-03-05 02:38:33.054133, 320, 240, 5.7720, 0.0043, -0.0053, 0.0048, 0.3432, -9.0712, 0.0294
2025-03-05 02:38:33.120794, 320, 240, 6.0360, 0.0021, -0.0032, -0.0021, 0.3236, -9.0712, 0.0294
2025-03-05 02:38:33.152726, 320, 240, 5.8570, 0.0005, -0.0080, 0.0021, 0.3236, -9.0712, 0.0490
2025-03-05 02:38:33.222120, 320, 240, 5.9750, -0.0037, -0.0080, -0.0016, 0.3236, -9.0712, 0.0294
2025-03-05 02:38:33.253798, 320, 240, 5.9450, 0.0027, -0.0069, 0.0027, 0.3236, -9.0515, 0.0294
2025-03-05 02:38:33.320966, 320, 240, 6.3920, 0.0032, -0.0053, 0.0043, 0.3432, -9.0712, 0.0490
2025-03-05 02:38:33.353951, 320, 240, 5.9450, -0.0021, -0.0101, 0.0021, 0.3236, -9.0712, 0.0490
2025-03-05 02:38:33.419594, 320, 240, 6.2250, 0.0027, -0.0064, 0.0021, 0.3432, -9.0712, 0.0490
2025-03-05 02:38:33.453878, 320, 240, 5.9450, 0.0032, -0.0069, 0.0016, 0.3432, -9.0712, 0.0294
2025-03-05 02:38:33.520106, 320, 240, 5.8000, 0.0000, -0.0053, 0.0027, 0.3432, -9.0515, 0.0294
2025-03-05 02:38:33.554589, 320, 240, 6.0660, -0.0005, -0.0112, 0.0043, 0.3236, -9.0515, 0.0490
2025-03-05 02:38:33.620763, 320, 240, 5.8570, 0.0027, -0.0021, 0.0032, 0.3236, -9.0908, 0.0294
2025-03-05 02:38:33.654123, 320, 240, 5.9150, 0.0021, -0.0043, 0.0075, 0.3236, -9.0515, 0.0490
2025-03-05 02:38:33.719109, 320, 240, 6.1610, 0.0005, -0.0032, 0.0048, 0.3236, -9.0712, 0.0294
2025-03-05 02:38:33.787410, 320, 240, 5.9450, -0.0005, -0.0075, 0.0016, 0.3432, -9.0712, 0.0294
2025-03-05 02:38:33.820814, 320, 240, 6.2250, 0.0016, -0.0080, 0.0021, 0.3432, -9.0712, 0.0294
2025-03-05 02:38:33.886768, 320, 240, 6.1290, 0.0000, -0.0085, 0.0032, 0.3236, -9.0712, 0.0490
2025-03-05 02:38:33.920674, 320, 240, 5.9150, 0.0016, -0.0085, 0.0048, 0.3236, -9.0712, 0.0098
2025-03-05 02:38:33.986551, 320, 240, 5.8570, 0.0021, -0.0080, 0.0016, 0.3236, -9.0515, 0.0490
2025-03-05 02:38:34.018984, 320, 240, 5.6620, -0.0053, -0.0064, 0.0075, 0.3236, -9.0515, 0.0490
2025-03-05 02:38:34.087385, 320, 240, 6.3580, -0.0021, -0.0091, 0.0021, 0.3432, -9.0712, 0.0490
2025-03-05 02:38:34.120829, 320, 240, 5.9450, -0.0011, -0.0075, 0.0048, 0.3432, -9.0712, 0.0490
2025-03-05 02:38:34.187321, 320, 240, 5.9750, 0.0005, -0.0080, 0.0032, 0.3432, -9.0712, 0.0490
2025-03-05 02:38:34.219912, 320, 240, 6.1610, 0.0011, -0.0117, 0.0027, 0.3236, -9.0712, 0.0294
2025-03-05 02:38:34.386365, 320, 240, 6.2250, -0.0037, -0.0080, 0.0064, 0.3236, -9.0515, 0.0294
2025-03-05 02:38:34.420864, 320, 240, 6.0660, -0.0027, -0.0112, 0.0011, 0.3236, -9.0712, 0.0294
2025-03-05 02:38:34.486642, 320, 240, 6.4620, -0.0011, -0.0075, -0.0005, 0.3236, -9.0712, 0.0294
2025-03-05 02:38:34.654225, 320, 240, 5.9750, -0.0021, -0.0069, 0.0027, 0.3236, -9.0515, 0.0294
2025-03-05 02:38:34.687527, 320, 240, 6.2580, -0.0027, -0.0075, 0.0032, 0.3432, -9.0712, 0.0294
2025-03-05 02:38:34.753790, 320, 240, 6.2250, -0.0005, -0.0053, 0.0005, 0.3236, -9.0515, 0.0490
2025-03-05 02:38:34.920700, 320, 240, 6.1290, -0.0016, -0.0064, 0.0005, 0.3236, -9.0712, 0.0490
2025-03-05 02:38:34.952839, 320, 240, 6.2250, 0.0021, -0.0069, 0.0021, 0.3432, -9.0712, 0.0294
2025-03-05 02:38:35.019889, 320, 240, 5.9150, -0.0016, -0.0091, 0.0000, 0.3236, -9.0515, 0.0294
2025-03-05 02:38:35.153725, 320, 240, 5.9150, -0.0027, -0.0107, 0.0053, 0.3432, -9.0515, 0.0294
2025-03-05 02:38:35.186757, 320, 240, 6.3920, 0.0000, -0.0154, 0.0032, 0.3236, -9.0712, 0.0294
2025-03-05 02:38:35.253461, 320, 240, 5.9150, 0.0011, -0.0080, 0.0005, 0.3432, -9.0712, 0.0490
2025-03-05 02:38:35.320770, 320, 240, 6.1290, 0.0021, -0.0053, 0.0043, 0.3236, -9.0712, 0.0490
2025-03-05 02:38:35.354160, 320, 240, 5.8860, 0.0021, -0.0080, 0.0011, 0.3236, -9.0712, 0.0294
2025-03-05 02:38:35.420647, 320, 240, 5.8280, 0.0000, -0.0069, 0.0032, 0.3432, -9.0712, 0.0490
2025-03-05 02:38:35.454139, 320, 240, 5.8860, 0.0048, -0.0069, 0.0048, 0.3236, -9.0712, 0.0490
2025-03-05 02:38:35.520694, 320, 240, 6.1290, 0.0027, -0.0048, 0.0016, 0.3432, -9.0712, 0.0490
2025-03-05 02:38:35.554179, 320, 240, 6.1290, -0.0021, -0.0091, 0.0032, 0.3236, -9.0712, 0.0294
2025-03-05 02:38:35.887918, 320, 240, 5.7160, -0.0016, -0.0096, 0.0005, 0.3236, -9.0712, 0.0294
2025-03-05 02:38:35.920908, 320, 240, 6.2250, 0.0011, -0.0075, -0.0016, 0.3236, -9.0712, 0.0294
2025-03-05 02:38:35.986893, 320, 240, 5.9450, -0.0011, -0.0091, 0.0037, 0.3432, -9.0712, 0.0490
2025-03-05 02:38:36.019455, 320, 240, 5.9750, 0.0021, -0.0053, 0.0043, 0.3236, -9.0712, 0.0294
2025-03-05 02:38:36.087295, 320, 240, 5.9450, 0.0005, -0.0128, 0.0037, 0.3432, -9.0712, 0.0294
2025-03-05 02:38:36.120831, 320, 240, 5.8860, -0.0011, -0.0075, 0.0043, 0.3432, -9.0712, 0.0294
2025-03-05 02:38:36.187560, 320, 240, 6.2580, 0.0032, -0.0048, 0.0011, 0.3432, -9.0515, 0.0490
2025-03-05 02:38:36.220867, 320, 240, 6.3580, 0.0000, -0.0059, -0.0005, 0.3432, -9.0515, 0.0098
2025-03-05 02:38:36.288038, 320, 240, 5.9150, -0.0027, -0.0048, 0.0080, 0.3432, -9.0712, 0.0294
2025-03-05 02:38:36.321572, 320, 240, 5.8860, -0.0021, -0.0048, 0.0021, 0.3432, -9.0712, 0.0294
2025-03-05 02:38:36.620884, 320, 240, 6.0360, -0.0011, -0.0069, 0.0037, 0.3432, -9.0908, 0.0490
2025-03-05 02:38:36.654424, 320, 240, 6.2910, 0.0011, -0.0032, 0.0000, 0.3236, -9.0515, 0.0098
2025-03-05 02:38:36.720866, 320, 240, 6.1610, -0.0021, -0.0138, 0.0021, 0.3236, -9.0712, 0.0294
2025-03-05 02:38:37.087631, 320, 240, 6.4620, -0.0027, -0.0059, 0.0021, 0.3432, -9.0712, 0.0490
2025-03-05 02:38:37.786255, 320, 240, 6.0360, -0.0005, -0.0112, 0.0043, 0.3236, -9.0515, 0.0294
2025-03-05 02:38:38.087614, 320, 240, 6.2910, -0.0016, -0.0021, 0.0053, 0.3432, -9.0712, 0.0294
2025-03-05 02:38:38.152877, 320, 240, 6.2250, 0.0032, -0.0048, 0.0005, 0.3236, -9.0712, 0.0686
2025-03-05 02:38:38.187781, 320, 240, 5.9450, 0.0053, -0.0027, 0.0027, 0.3432, -9.0712, 0.0490
2025-03-05 02:38:38.254257, 320, 240, 5.9750, 0.0011, -0.0091, 0.0011, 0.3236, -9.0712, 0.0490
2025-03-05 02:38:38.287778, 320, 240, 6.1290, -0.0043, -0.0064, 0.0027, 0.3236, -9.0712, 0.0490
2025-03-05 02:38:38.354807, 320, 240, 6.0360, 0.0016, -0.0075, 0.0005, 0.3432, -9.0515, 0.0294
2025-03-05 02:38:38.387845, 320, 240, 6.0360, -0.0027, -0.0064, 0.0032, 0.3432, -9.0712, 0.0294
2025-03-05 02:38:38.454112, 320, 240, 6.1610, 0.0043, -0.0037, 0.0043, 0.3432, -9.0515, 0.0294
2025-03-05 02:38:38.487020, 320, 240, 6.2580, 0.0016, -0.0096, 0.0016, 0.3236, -9.0515, 0.0294
2025-03-05 02:38:38.553995, 320, 240, 6.2250, -0.0005, -0.0075, 0.0032, 0.3236, -9.0515, 0.0294
2025-03-05 02:38:38.587564, 320, 240, 6.1610, -0.0027, -0.0128, 0.0027, 0.3236, -9.0515, 0.0294
2025-03-05 02:38:38.654764, 320, 240, 5.8570, 0.0021, -0.0080, 0.0005, 0.3236, -9.0515, 0.0294
2025-03-05 02:38:38.687703, 320, 240, 5.8860, 0.0011, -0.0101, 0.0037, 0.3432, -9.0712, 0.0294
2025-03-05 02:38:38.754410, 320, 240, 6.1290, 0.0021, -0.0112, 0.0005, 0.3236, -9.0515, 0.0294
2025-03-05 02:38:38.954084, 320, 240, 5.8570, -0.0027, -0.0101, 0.0021, 0.3236, -9.0712, 0.0490
2025-03-05 02:38:38.987094, 320, 240, 5.8860, -0.0011, -0.0085, 0.0037, 0.3236, -9.0515, 0.0490
2025-03-05 02:38:39.054211, 320, 240, 6.2250, -0.0005, -0.0069, 0.0032, 0.3236, -9.0515, 0.0490
2025-03-05 02:38:39.087774, 320, 240, 6.0360, 0.0021, -0.0059, 0.0011, 0.3432, -9.0515, 0.0294
2025-03-05 02:38:39.320990, 320, 240, 5.9750, 0.0000, -0.0069, 0.0005, 0.3432, -9.0712, 0.0490
2025-03-05 02:38:39.387704, 320, 240, 5.7720, -0.0016, -0.0059, -0.0011, 0.3236, -9.0712, 0.0294
2025-03-05 02:38:40.152999, 320, 240, 5.9450, -0.0011, -0.0085, 0.0016, 0.3432, -9.0712, 0.0294
2025-03-05 02:38:40.487873, 320, 240, 6.2910, 0.0000, -0.0112, 0.0011, 0.3236, -9.0712, 0.0294
2025-03-05 02:38:40.521208, 320, 240, 6.1290, 0.0027, -0.0053, 0.0016, 0.3432, -9.0712, 0.0294
2025-03-05 02:38:40.587958, 320, 240, 6.0360, -0.0032, -0.0112, 0.0011, 0.3236, -9.0712, 0.0294
2025-03-05 02:38:40.621341, 320, 240, 6.5330, 0.0011, -0.0043, -0.0011, 0.3236, -9.0515, 0.0294
2025-03-05 02:38:40.687758, 320, 240, 6.1290, -0.0043, -0.0080, 0.0011, 0.3432, -9.0515, 0.0294
2025-03-05 02:38:40.721252, 320, 240, 5.8000, 0.0005, -0.0069, 0.0016, 0.3236, -9.0515, 0.0490
2025-03-05 02:38:40.787951, 320, 240, 6.5690, 0.0032, -0.0048, 0.0027, 0.3236, -9.0515, 0.0294
2025-03-05 02:38:40.821474, 320, 240, 6.3580, -0.0005, -0.0043, 0.0027, 0.3236, -9.0712, 0.0490
2025-03-05 02:38:40.888178, 320, 240, 5.8280, 0.0005, -0.0112, 0.0048, 0.3432, -9.0515, 0.0490
2025-03-05 02:38:40.921303, 320, 240, 6.3580, -0.0011, -0.0107, 0.0032, 0.3236, -9.0515, 0.0294
2025-03-05 02:38:40.988926, 320, 240, 6.1610, -0.0005, -0.0085, 0.0016, 0.3432, -9.0515, 0.0490
2025-03-05 02:38:41.019948, 320, 240, 6.2910, 0.0005, -0.0069, 0.0011, 0.3236, -9.0515, 0.0294
2025-03-05 02:38:41.087994, 320, 240, 6.0360, 0.0016, -0.0037, 0.0027, 0.3432, -9.0712, 0.0294
2025-03-05 02:38:41.120976, 320, 240, 5.8000, -0.0011, -0.0059, 0.0037, 0.3236, -9.0712, 0.0294
2025-03-05 02:38:41.188313, 320, 240, 5.8860, 0.0016, -0.0096, 0.0053, 0.3236, -9.0712, 0.0294
2025-03-05 02:38:41.254188, 320, 240, 6.1290, 0.0016, -0.0027, 0.0032, 0.3432, -9.0712, 0.0098
2025-03-05 02:38:41.288051, 320, 240, 6.1290, -0.0016, -0.0080, 0.0005, 0.3236, -9.0712, 0.0490
2025-03-05 02:38:41.354696, 320, 240, 6.2250, -0.0005, -0.0080, 0.0043, 0.3236, -9.0515, 0.0294
2025-03-05 02:38:41.387905, 320, 240, 5.7720, 0.0032, -0.0069, 0.0032, 0.3236, -9.0515, 0.0294
2025-03-05 02:38:41.454488, 320, 240, 5.9450, 0.0005, -0.0096, 0.0037, 0.3432, -9.0712, 0.0098
2025-03-05 02:38:41.488070, 320, 240, 5.8860, -0.0032, -0.0101, 0.0016, 0.3236, -9.0515, 0.0294
2025-03-05 02:38:41.554653, 320, 240, 6.2250, -0.0005, -0.0075, -0.0027, 0.3236, -9.0515, 0.0294
2025-03-05 02:38:41.587953, 320, 240, 5.9450, 0.0005, -0.0075, 0.0032, 0.3432, -9.0515, 0.0098
2025-03-05 02:38:41.654840, 320, 240, 6.3920, -0.0005, -0.0059, 0.0037, 0.3432, -9.0515, 0.0490
2025-03-05 02:38:41.687888, 320, 240, 6.0360, 0.0000, -0.0043, -0.0005, 0.3236, -9.0515, 0.0490
2025-03-05 02:38:41.754767, 320, 240, 6.0360, -0.0021, -0.0032, 0.0011, 0.3432, -9.0712, 0.0294
2025-03-05 02:38:41.787985, 320, 240, 6.1290, 0.0011, -0.0080, -0.0016, 0.3236, -9.0515, 0.0294
2025-03-05 02:38:41.853135, 320, 240, 6.0360, -0.0011, 0.0000, 0.0011, 0.3432, -9.0712, 0.0294
2025-03-05 02:38:41.888154, 320, 240, 5.8570, 0.0021, -0.0075, 0.0011, 0.3236, -9.0515, 0.0294
2025-03-05 02:38:41.954021, 320, 240, 6.2910, 0.0027, -0.0101, 0.0053, 0.3432, -9.0712, 0.0294
2025-03-05 02:38:41.987762, 320, 240, 5.7720, 0.0000, -0.0085, 0.0027, 0.3236, -9.0515, 0.0490
2025-03-05 02:38:42.054753, 320, 240, 6.1290, 0.0000, -0.0048, 0.0011, 0.3236, -9.0515, 0.0294
2025-03-05 02:38:42.087909, 320, 240, 6.2250, 0.0000, -0.0101, 0.0021, 0.3432, -9.0712, 0.0294
2025-03-05 02:38:42.153218, 320, 240, 5.8860, 0.0011, -0.0069, 0.0005, 0.3432, -9.0515, 0.0294
2025-03-05 02:38:42.188138, 320, 240, 5.9450, 0.0043, -0.0069, 0.0000, 0.3432, -9.0515, 0.0490
2025-03-05 02:38:42.254213, 320, 240, 6.3580, 0.0027, -0.0059, 0.0032, 0.3432, -9.0712, 0.0294
2025-03-05 02:38:42.288236, 320, 240, 5.7720, -0.0005, -0.0075, 0.0011, 0.3236, -9.0515, 0.0294
2025-03-05 02:38:42.354809, 320, 240, 5.7440, 0.0021, -0.0080, 0.0016, 0.3236, -9.0515, 0.0294
2025-03-05 02:38:42.388019, 320, 240, 5.8280, -0.0016, -0.0027, 0.0037, 0.3432, -9.0515, 0.0490
2025-03-05 02:38:42.454595, 320, 240, 6.0660, 0.0016, -0.0027, 0.0016, 0.3236, -9.0712, 0.0294
2025-03-05 02:38:42.488171, 320, 240, 6.2580, 0.0016, -0.0085, 0.0016, 0.3432, -9.0712, 0.0294
2025-03-05 02:38:42.554833, 320, 240, 5.7720, 0.0021, -0.0069, 0.0021, 0.3432, -9.0515, 0.0294
2025-03-05 02:38:42.588258, 320, 240, 5.7720, 0.0000, -0.0080, 0.0016, 0.3432, -9.0712, 0.0490
2025-03-05 02:38:42.655055, 320, 240, 6.3580, 0.0000, -0.0101, 0.0048, 0.3236, -9.0515, 0.0294
2025-03-05 02:38:42.688348, 320, 240, 6.1290, -0.0011, -0.0037, 0.0027, 0.3236, -9.0712, 0.0490
2025-03-05 02:38:42.755118, 320, 240, 6.1290, -0.0032, -0.0101, 0.0021, 0.3432, -9.0712, 0.0294
2025-03-05 02:38:42.788051, 320, 240, 6.4620, 0.0000, -0.0080, 0.0043, 0.3432, -9.0515, 0.0294
2025-03-05 02:38:42.855101, 320, 240, 5.8860, 0.0037, -0.0059, 0.0027, 0.3432, -9.0712, 0.0490
2025-03-05 02:38:42.920882, 320, 240, 5.9150, 0.0016, -0.0048, 0.0027, 0.3236, -9.0515, 0.0294
2025-03-05 02:38:42.954680, 320, 240, 5.9750, -0.0027, -0.0080, 0.0016, 0.3236, -9.0712, 0.0294
2025-03-05 02:38:43.020158, 320, 240, 6.0660, 0.0011, -0.0091, 0.0037, 0.3236, -9.0515, 0.0098
2025-03-05 02:38:43.055573, 320, 240, 5.9750, 0.0005, -0.0064, 0.0021, 0.3236, -9.0515, 0.0490
2025-03-05 02:38:43.121755, 320, 240, 5.9450, -0.0005, -0.0059, 0.0016, 0.3236, -9.0712, 0.0490
2025-03-05 02:38:43.153500, 320, 240, 6.0660, -0.0005, -0.0053, 0.0048, 0.3236, -9.0515, 0.0490
2025-03-05 02:38:43.221586, 320, 240, 5.9150, 0.0027, -0.0059, 0.0011, 0.3236, -9.0515, 0.0098
2025-03-05 02:38:43.254750, 320, 240, 6.2910, -0.0005, -0.0091, 0.0032, 0.3236, -9.0712, 0.0490
2025-03-05 02:38:43.321544, 320, 240, 5.8860, 0.0005, -0.0101, 0.0027, 0.3432, -9.0712, 0.0098
2025-03-05 02:38:43.521487, 320, 240, 6.0360, 0.0016, -0.0075, 0.0032, 0.3236, -9.0712, 0.0098
2025-03-05 02:38:43.554808, 320, 240, 5.9750, -0.0005, -0.0032, 0.0043, 0.3236, -9.0712, 0.0490
2025-03-05 02:38:43.621419, 320, 240, 6.1290, 0.0000, -0.0107, -0.0005, 0.3236, -9.0712, 0.0294
2025-03-05 02:38:43.654625, 320, 240, 5.9450, 0.0027, -0.0091, 0.0027, 0.3236, -9.0515, 0.0098
2025-03-05 02:38:43.721401, 320, 240, 5.6890, 0.0011, -0.0037, 0.0037, 0.3236, -9.0515, 0.0294
2025-03-05 02:38:43.754973, 320, 240, 6.0360, -0.0027, -0.0075, 0.0069, 0.3432, -9.0515, 0.0490
2025-03-05 02:38:43.821562, 320, 240, 6.4970, -0.0016, -0.0069, 0.0005, 0.3432, -9.0515, 0.0294
2025-03-05 02:38:54.421904, 320, 240, 5.9150, -0.0021, -0.0053, 0.0016, 0.3236, -9.0515, 0.0294
2025-03-05 02:38:54.454967, 320, 240, 6.2250, 0.0053, -0.0080, 0.0027, 0.3236, -9.0515, 0.0294
2025-03-05 02:38:54.521745, 320, 240, 5.9150, 0.0011, -0.0032, -0.0011, 0.3236, -9.0515, 0.0294
2025-03-05 02:38:54.556711, 320, 240, 6.3920, -0.0011, -0.0075, 0.0027, 0.3236, -9.0712, 0.0490
2025-03-05 02:38:54.622361, 320, 240, 5.8280, -0.0011, -0.0064, 0.0016, 0.3236, -9.0712, 0.0294
2025-03-05 02:38:54.656476, 320, 240, 6.2250, -0.0011, -0.0053, 0.0069, 0.3432, -9.0712, 0.0294
2025-03-05 02:38:54.756395, 320, 240, 6.3920, 0.0016, -0.0075, 0.0037, 0.3236, -9.0515, 0.0294
2025-03-05 02:38:54.789343, 320, 240, 6.1290, -0.0005, -0.0080, -0.0043, 0.3432, -9.0515, 0.0490
2025-03-05 02:38:54.856033, 320, 240, 5.9450, -0.0021, -0.0091, 0.0000, 0.3432, -9.0515, 0.0294
2025-03-05 02:38:55.056495, 320, 240, 6.2250, 0.0000, -0.0107, 0.0064, 0.3432, -9.0515, 0.0490
2025-03-05 02:38:55.089924, 320, 240, 6.5330, 0.0000, -0.0032, 0.0000, 0.3236, -9.0712, 0.0490
2025-03-05 02:38:55.156119, 320, 240, 5.8000, 0.0021, -0.0091, 0.0032, 0.3432, -9.0515, 0.0098
2025-03-05 02:38:55.222603, 320, 240, 5.7720, 0.0005, -0.0037, 0.0005, 0.3236, -9.0712, 0.0098
2025-03-05 02:38:55.255427, 320, 240, 6.2910, 0.0005, -0.0096, -0.0005, 0.3432, -9.0712, 0.0294
2025-03-05 02:38:55.323138, 320, 240, 5.7160, 0.0011, -0.0069, 0.0027, 0.3236, -9.0515, 0.0098
2025-03-05 02:38:55.356871, 320, 240, 5.8570, 0.0011, -0.0075, 0.0043, 0.3432, -9.0712, 0.0490
2025-03-05 02:38:55.422359, 320, 240, 5.9150, 0.0000, -0.0043, 0.0000, 0.3236, -9.0319, 0.0098
2025-03-05 02:38:55.455220, 320, 240, 5.8860, 0.0000, -0.0080, 0.0021, 0.3432, -9.0712, 0.0098
2025-03-05 02:38:55.522196, 320, 240, 5.7720, -0.0027, -0.0080, 0.0027, 0.3432, -9.0515, 0.0294
2025-03-05 02:38:55.555114, 320, 240, 5.9150, 0.0021, -0.0037, 0.0027, 0.3432, -9.0515, 0.0294
2025-03-05 02:38:55.621795, 320, 240, 5.7720, 0.0005, -0.0053, 0.0005, 0.3432, -9.0515, 0.0490
2025-03-05 02:38:55.655305, 320, 240, 5.8570, -0.0016, -0.0075, 0.0005, 0.3236, -9.0712, 0.0294
2025-03-05 02:38:55.722022, 320, 240, 5.9750, -0.0032, -0.0069, 0.0021, 0.3432, -9.0712, 0.0490
2025-03-05 02:38:55.757207, 320, 240, 5.9750, 0.0005, -0.0032, 0.0048, 0.3236, -9.0515, 0.0294
2025-03-05 02:38:55.823124, 320, 240, 5.8860, -0.0005, -0.0085, 0.0032, 0.3432, -9.0712, 0.0294
2025-03-05 02:38:55.856756, 320, 240, 6.1290, 0.0021, -0.0069, 0.0059, 0.3432, -9.0515, 0.0294
2025-03-05 02:38:55.923584, 320, 240, 5.8570, -0.0021, -0.0069, 0.0032, 0.3236, -9.0712, 0.0098
2025-03-05 02:38:55.957223, 320, 240, 5.8570, -0.0016, -0.0075, 0.0048, 0.3236, -9.0515, 0.0490
2025-03-05 02:38:56.021828, 320, 240, 6.0360, -0.0005, -0.0069, 0.0053, 0.3432, -9.0712, 0.0490
2025-03-05 02:38:56.057143, 320, 240, 6.4970, 0.0021, -0.0059, 0.0021, 0.3236, -9.0712, 0.0294
2025-03-05 02:38:56.123413, 320, 240, 5.8860, 0.0005, -0.0064, 0.0021, 0.3432, -9.0515, 0.0294
2025-03-05 02:38:56.156510, 320, 240, 6.2910, 0.0048, -0.0080, 0.0048, 0.3236, -9.0515, 0.0294
2025-03-05 02:38:56.223187, 320, 240, 5.8280, 0.0021, -0.0091, 0.0032, 0.3236, -9.0515, 0.0294
2025-03-05 02:38:56.256744, 320, 240, 5.8570, -0.0032, -0.0053, 0.0080, 0.3432, -9.0712, 0.0294
2025-03-05 02:38:56.323316, 320, 240, 5.8860, -0.0032, -0.0096, 0.0011, 0.3236, -9.0515, 0.0294
2025-03-05 02:38:56.356695, 320, 240, 6.0360, 0.0011, -0.0128, 0.0021, 0.3236, -9.0712, 0.0294
2025-03-05 02:38:56.422348, 320, 240, 5.9150, 0.0005, -0.0091, 0.0032, 0.3432, -9.0712, 0.0294
2025-03-05 02:38:56.455369, 320, 240, 5.8570, 0.0000, -0.0059, 0.0021, 0.3432, -9.0515, 0.0294
2025-03-05 02:38:56.522776, 320, 240, 5.8280, 0.0027, -0.0032, 0.0059, 0.3432, -9.0515, 0.0294
2025-03-05 02:38:56.556963, 320, 240, 6.1290, 0.0021, -0.0091, 0.0000, 0.3432, -9.0515, 0.0490
2025-03-05 02:38:56.623183, 320, 240, 6.2910, -0.0021, -0.0075, 0.0021, 0.3432, -9.0515, 0.0294
2025-03-05 02:38:56.657265, 320, 240, 5.9750, -0.0005, -0.0059, 0.0027, 0.3432, -9.0712, 0.0098
2025-03-05 02:38:56.722976, 320, 240, 6.2910, -0.0027, -0.0064, 0.0011, 0.3432, -9.0515, 0.0490
2025-03-05 02:38:56.757013, 320, 240, 5.9450, -0.0011, -0.0085, 0.0027, 0.3432, -9.0515, 0.0098
2025-03-05 02:38:56.823030, 320, 240, 5.9750, -0.0016, -0.0091, 0.0016, 0.3236, -9.0515, 0.0294
2025-03-05 02:38:56.857158, 320, 240, 5.8280, -0.0027, -0.0021, 0.0016, 0.3236, -9.0712, 0.0294
2025-03-05 02:38:56.922612, 320, 240, 5.8000, 0.0037, -0.0096, -0.0005, 0.3236, -9.0712, 0.0294
2025-03-05 02:38:56.956786, 320, 240, 5.7160, 0.0027, -0.0091, 0.0037, 0.3432, -9.0515, 0.0294
2025-03-05 02:38:57.023822, 320, 240, 6.0660, 0.0021, -0.0112, 0.0000, 0.3236, -9.0515, 0.0294
2025-03-05 02:38:57.222986, 320, 240, 6.1610, 0.0016, -0.0059, 0.0021, 0.3236, -9.0712, 0.0294
2025-03-05 02:38:57.256143, 320, 240, 6.0660, 0.0011, -0.0117, 0.0032, 0.3236, -9.0515, 0.0490
2025-03-05 02:38:57.322062, 320, 240, 5.8000, 0.0000, -0.0091, 0.0032, 0.3432, -9.0712, 0.0490
2025-03-05 02:38:57.356142, 320, 240, 6.0360, 0.0011, -0.0085, 0.0032, 0.3236, -9.0712, 0.0294
2025-03-05 02:38:57.423468, 320, 240, 6.1610, 0.0000, -0.0091, 0.0000, 0.3236, -9.0515, 0.0294
2025-03-05 02:38:57.455475, 320, 240, 5.9750, -0.0011, -0.0101, 0.0021, 0.3236, -9.0712, 0.0294
2025-03-05 02:38:57.523488, 320, 240, 5.8570, 0.0021, -0.0059, 0.0064, 0.3432, -9.0712, 0.0294
2025-03-05 02:38:57.557184, 320, 240, 5.7440, -0.0011, -0.0069, 0.0000, 0.3432, -9.0712, 0.0294
2025-03-05 02:38:57.623571, 320, 240, 6.3580, 0.0027, -0.0080, 0.0053, 0.3432, -9.0515, 0.0294
2025-03-05 02:38:57.656804, 320, 240, 6.3580, -0.0005, -0.0080, 0.0005, 0.3432, -9.0712, 0.0294
2025-03-05 02:38:57.722231, 320, 240, 6.2580, -0.0021, -0.0085, 0.0064, 0.3236, -9.0515, 0.0294
2025-03-05 02:38:57.755929, 320, 240, 5.9750, 0.0005, -0.0128, 0.0021, 0.3236, -9.0712, 0.0294
2025-03-05 02:38:57.823498, 320, 240, 5.8860, 0.0016, -0.0075, 0.0059, 0.3236, -9.0712, 0.0294
2025-03-05 02:38:57.857034, 320, 240, 5.9450, -0.0005, -0.0091, 0.0048, 0.3236, -9.0515, 0.0098
2025-03-05 02:38:57.924096, 320, 240, 5.9450, -0.0048, -0.0048, 0.0021, 0.3236, -9.0515, 0.0294
2025-03-05 02:38:57.956901, 320, 240, 5.9150, -0.0005, -0.0085, -0.0016, 0.3236, -9.0712, 0.0294
2025-03-05 02:38:58.023905, 320, 240, 5.7720, -0.0011, -0.0085, 0.0016, 0.3236, -9.0712, 0.0294
2025-03-05 02:38:58.055650, 320, 240, 6.0660, -0.0005, -0.0075, 0.0053, 0.3432, -9.0515, 0.0098
2025-03-05 02:38:58.123974, 320, 240, 5.8860, 0.0027, -0.0027, 0.0021, 0.3236, -9.0515, 0.0294
2025-03-05 02:38:58.157049, 320, 240, 6.7170, 0.0011, -0.0075, 0.0059, 0.3432, -9.0712, 0.0490
2025-03-05 02:38:58.223679, 320, 240, 5.7720, 0.0021, -0.0059, 0.0005, 0.3236, -9.0712, 0.0098
2025-03-05 02:38:58.256981, 320, 240, 6.3580, -0.0027, -0.0085, 0.0021, 0.3432, -9.0712, 0.0098
2025-03-05 02:38:58.324287, 320, 240, 5.8000, -0.0032, -0.0096, 0.0011, 0.3236, -9.0712, 0.0098
2025-03-05 02:38:58.357111, 320, 240, 6.1290, 0.0021, -0.0096, 0.0011, 0.3432, -9.0712, 0.0294
2025-03-05 02:38:58.423199, 320, 240, 6.0360, 0.0000, -0.0101, 0.0043, 0.3236, -9.0712, 0.0294
2025-03-05 02:38:58.455409, 320, 240, 5.9750, -0.0027, -0.0123, 0.0037, 0.3432, -9.0712, 0.0490
2025-03-05 02:38:58.522796, 320, 240, 5.9750, -0.0005, -0.0059, -0.0016, 0.3236, -9.0712, 0.0098
2025-03-05 02:38:58.556938, 320, 240, 5.9450, 0.0005, -0.0107, 0.0021, 0.3236, -9.0712, 0.0294
2025-03-05 02:38:58.624045, 320, 240, 5.8000, -0.0016, -0.0107, 0.0048, 0.3236, -9.0712, 0.0098
2025-03-05 02:38:58.657273, 320, 240, 6.1610, 0.0005, -0.0075, 0.0037, 0.3236, -9.0712, 0.0294
2025-03-05 02:38:58.723940, 320, 240, 6.0360, 0.0037, -0.0069, 0.0037, 0.3236, -9.0515, 0.0294
2025-03-05 02:38:58.757474, 320, 240, 6.2580, 0.0016, -0.0059, 0.0011, 0.3432, -9.0712, 0.0294
2025-03-05 02:38:58.823573, 320, 240, 6.2250, -0.0037, -0.0101, 0.0021, 0.3236, -9.0712, 0.0294
2025-03-05 02:38:58.857160, 320, 240, 5.9450, -0.0011, -0.0064, 0.0005, 0.3432, -9.0908, 0.0294
2025-03-05 02:38:58.924034, 320, 240, 5.8280, -0.0005, -0.0075, -0.0011, 0.3432, -9.0712, 0.0294
2025-03-05 02:38:58.957592, 320, 240, 6.1610, 0.0027, -0.0123, -0.0005, 0.3432, -9.0712, 0.0294
2025-03-05 02:38:59.024065, 320, 240, 5.9150, -0.0037, -0.0091, 0.0027, 0.3432, -9.0712, 0.0294
2025-03-05 02:38:59.056795, 320, 240, 6.1290, -0.0032, -0.0080, 0.0011, 0.3236, -9.0515, 0.0490
2025-03-05 02:38:59.124107, 320, 240, 5.8000, 0.0016, -0.0091, 0.0027, 0.3432, -9.0515, 0.0294
2025-03-05 02:38:59.157263, 320, 240, 6.1610, -0.0016, -0.0085, 0.0000, 0.3236, -9.0712, 0.0294
2025-03-05 02:38:59.223624, 320, 240, 5.8860, 0.0021, -0.0059, 0.0016, 0.3432, -9.0515, 0.0294
2025-03-05 02:38:59.256795, 320, 240, 6.6060, -0.0048, -0.0069, 0.0027, 0.3432, -9.0515, 0.0294
2025-03-05 02:38:59.324374, 320, 240, 6.0360, -0.0011, -0.0085, 0.0048, 0.3236, -9.0712, 0.0294
2025-03-05 02:38:59.357283, 320, 240, 6.2580, -0.0021, -0.0085, 0.0048, 0.3236, -9.0712, 0.0294
2025-03-05 02:38:59.423769, 320, 240, 5.8570, -0.0016, -0.0080, 0.0053, 0.3432, -9.0515, 0.0098
2025-03-05 02:38:59.455692, 320, 240, 6.0360, 0.0021, -0.0101, 0.0037, 0.3432, -9.0515, 0.0098
2025-03-05 02:38:59.524278, 320, 240, 5.8860, -0.0021, -0.0059, 0.0011, 0.3432, -9.0712, 0.0490
2025-03-05 02:38:59.557358, 320, 240, 6.3920, -0.0011, -0.0096, 0.0021, 0.3236, -9.0515, 0.0294
2025-03-05 02:38:59.623984, 320, 240, 6.7560, -0.0021, -0.0075, 0.0064, 0.3236, -9.0712, 0.0294
2025-03-05 02:38:59.657491, 320, 240, 5.8570, -0.0011, -0.0059, 0.0064, 0.3236, -9.0515, 0.0294
2025-03-05 02:38:59.724047, 320, 240, 6.4620, -0.0005, -0.0080, 0.0000, 0.3432, -9.0515, 0.0098
2025-03-05 02:38:59.757358, 320, 240, 6.5330, 0.0021, -0.0075, -0.0016, 0.3432, -9.0712, 0.0098
2025-03-05 02:38:59.824093, 320, 240, 5.7720, 0.0000, -0.0085, -0.0005, 0.3432, -9.0712, 0.0294
2025-03-05 02:38:59.857454, 320, 240, 6.3920, -0.0059, -0.0107, 0.0037, 0.3236, -9.0515, 0.0098
2025-03-05 02:38:59.924051, 320, 240, 5.9450, -0.0016, -0.0048, 0.0000, 0.3432, -9.0712, 0.0294
2025-03-05 02:38:59.957396, 320, 240, 5.8000, 0.0032, -0.0080, -0.0032, 0.3432, -9.0515, 0.0294
2025-03-05 02:39:00.024071, 320, 240, 5.8860, 0.0011, -0.0069, 0.0005, 0.3236, -9.0515, 0.0294
2025-03-05 02:39:00.056360, 320, 240, 6.0660, -0.0021, -0.0059, 0.0005, 0.3236, -9.0712, 0.0098
2025-03-05 02:39:00.124409, 320, 240, 5.9450, 0.0021, -0.0080, 0.0011, 0.3432, -9.0515, 0.0490
2025-03-05 02:39:00.157663, 320, 240, 5.9150, -0.0037, -0.0048, 0.0011, 0.3432, -9.0712, 0.0294
2025-03-05 02:39:00.224424, 320, 240, 5.9750, -0.0016, -0.0064, 0.0021, 0.3236, -9.0712, 0.0294
2025-03-05 02:39:00.257702, 320, 240, 5.9750, 0.0027, -0.0032, 0.0016, 0.3432, -9.0515, 0.0294
2025-03-05 02:39:00.324863, 320, 240, 6.3920, 0.0021, -0.0059, 0.0032, 0.3236, -9.0712, 0.0294
2025-03-05 02:39:00.357658, 320, 240, 5.7720, -0.0011, -0.0053, 0.0032, 0.3236, -9.0515, 0.0098
2025-03-05 02:39:00.423601, 320, 240, 5.9150, 0.0005, -0.0032, 0.0043, 0.3236, -9.0712, 0.0294
2025-03-05 02:39:00.455903, 320, 240, 6.0360, -0.0005, -0.0075, 0.0043, 0.3236, -9.0515, 0.0294
2025-03-05 02:39:00.524237, 320, 240, 6.0360, -0.0021, -0.0080, 0.0048, 0.3236, -9.0712, 0.0294
2025-03-05 02:39:00.557420, 320, 240, 5.9450, 0.0000, -0.0037, 0.0005, 0.3432, -9.0712, 0.0490
2025-03-05 02:39:00.623912, 320, 240, 6.0660, 0.0021, -0.0059, 0.0043, 0.3432, -9.0712, 0.0490
2025-03-05 02:39:00.657650, 320, 240, 6.0660, -0.0032, -0.0101, 0.0021, 0.3432, -9.0515, 0.0098
2025-03-05 02:39:00.723623, 320, 240, 6.2580, -0.0016, -0.0101, 0.0016, 0.3236, -9.0515, 0.0294
2025-03-05 02:39:00.790506, 320, 240, 6.3580, -0.0011, -0.0032, -0.0005, 0.3236, -9.0712, 0.0294
2025-03-05 02:39:00.857376, 320, 240, 5.8000, 0.0032, -0.0037, 0.0037, 0.3432, -9.0515, 0.0098
2025-03-05 02:39:00.890284, 320, 240, 6.0360, -0.0016, -0.0053, 0.0032, 0.3432, -9.0712, 0.0294
2025-03-05 02:39:00.957594, 320, 240, 6.0360, -0.0011, -0.0091, 0.0027, 0.3432, -9.0515, 0.0294
2025-03-05 02:39:00.990986, 320, 240, 5.9150, 0.0021, -0.0096, 0.0027, 0.3432, -9.0515, 0.0294
2025-03-05 02:39:01.057273, 320, 240, 6.1290, 0.0048, -0.0064, 0.0043, 0.3432, -9.0712, 0.0294
2025-03-05 02:39:01.091446, 320, 240, 6.1290, -0.0005, -0.0043, -0.0016, 0.3432, -9.0712, 0.0294
2025-03-05 02:39:01.157389, 320, 240, 6.3580, 0.0011, -0.0091, 0.0021, 0.3236, -9.0712, 0.0098
2025-03-05 02:39:01.190975, 320, 240, 6.1290, 0.0005, -0.0107, 0.0053, 0.3236, -9.0515, 0.0294
2025-03-05 02:39:01.257528, 320, 240, 5.8000, 0.0032, -0.0069, 0.0032, 0.3236, -9.0515, 0.0098
2025-03-05 02:39:01.291048, 320, 240, 5.9150, 0.0000, -0.0059, 0.0032, 0.3236, -9.0712, 0.0294
2025-03-05 02:39:01.357644, 320, 240, 6.0360, -0.0016, -0.0069, 0.0027, 0.3432, -9.0712, 0.0294
2025-03-05 02:39:01.391146, 320, 240, 5.7720, 0.0000, -0.0085, 0.0053, 0.3236, -9.0515, 0.0294
2025-03-05 02:39:01.455995, 320, 240, 5.9150, -0.0016, -0.0048, 0.0021, 0.3236, -9.0712, 0.0294
2025-03-05 02:39:01.491108, 320, 240, 6.1290, 0.0000, -0.0112, 0.0043, 0.3236, -9.0712, 0.0098
2025-03-05 02:39:01.557034, 320, 240, 5.8860, -0.0005, -0.0059, 0.0032, 0.3236, -9.0712, 0.0294
2025-03-05 02:39:01.690416, 320, 240, 6.5690, -0.0021, -0.0091, 0.0032, 0.3432, -9.0712, 0.0098
2025-03-05 02:39:01.723862, 320, 240, 6.0360, 0.0011, -0.0027, 0.0011, 0.3236, -9.0712, 0.0294
2025-03-05 02:39:01.790406, 320, 240, 6.0360, 0.0011, -0.0080, 0.0021, 0.3236, -9.0712, 0.0490
2025-03-05 02:39:01.823971, 320, 240, 5.9450, 0.0043, -0.0064, 0.0021, 0.3432, -9.0712, 0.0294
2025-03-05 02:39:01.889937, 320, 240, 6.1610, 0.0011, -0.0048, 0.0053, 0.3432, -9.0515, 0.0098
2025-03-05 02:39:01.924712, 320, 240, 6.4620, -0.0021, -0.0085, 0.0037, 0.3236, -9.0515, 0.0294
2025-03-05 02:39:01.990996, 320, 240, 6.1290, 0.0021, -0.0096, -0.0005, 0.3432, -9.0712, 0.0294
2025-03-05 02:39:02.024303, 320, 240, 5.7160, -0.0005, -0.0043, 0.0048, 0.3236, -9.0712, 0.0098
2025-03-05 02:39:02.090165, 320, 240, 5.9450, 0.0021, -0.0053, 0.0027, 0.3236, -9.0515, 0.0098
2025-03-05 02:39:02.123038, 320, 240, 5.8280, 0.0005, -0.0037, 0.0027, 0.3432, -9.0712, 0.0294
2025-03-05 02:39:02.191360, 320, 240, 6.0660, -0.0032, -0.0080, 0.0021, 0.3236, -9.0712, 0.0294
2025-03-05 02:39:02.224555, 320, 240, 5.9750, -0.0005, -0.0037, 0.0016, 0.3236, -9.0712, 0.0098
2025-03-05 02:39:02.291112, 320, 240, 6.4620, -0.0064, -0.0107, 0.0021, 0.3432, -9.0515, 0.0294
2025-03-05 02:39:02.324687, 320, 240, 5.7160, 0.0005, -0.0075, 0.0016, 0.3432, -9.0515, 0.0098
2025-03-05 02:39:02.391700, 320, 240, 5.9150, 0.0011, -0.0043, 0.0016, 0.3236, -9.0712, 0.0294
2025-03-05 02:39:02.425612, 320, 240, 5.7440, 0.0000, -0.0075, 0.0016, 0.3432, -9.0515, 0.0490
2025-03-05 02:39:02.489764, 320, 240, 5.9150, -0.0037, -0.0112, 0.0016, 0.3432, -9.0712, 0.0294
2025-03-05 02:39:02.524501, 320, 240, 6.0660, -0.0053, -0.0085, 0.0059, 0.3236, -9.0515, 0.0098
2025-03-05 02:39:02.591496, 320, 240, 6.5330, -0.0005, -0.0069, 0.0000, 0.3432, -9.0712, 0.0294
2025-03-05 02:39:02.624210, 320, 240, 5.9150, 0.0011, -0.0037, 0.0027, 0.3236, -9.0515, 0.0098
2025-03-05 02:39:02.691362, 320, 240, 5.9450, 0.0027, -0.0096, 0.0027, 0.3236, -9.0712, 0.0294
2025-03-05 02:39:02.724137, 320, 240, 5.9750, -0.0027, -0.0101, 0.0027, 0.3432, -9.0515, 0.0098
2025-03-05 02:39:02.791519, 320, 240, 6.0660, -0.0011, -0.0080, 0.0048, 0.3236, -9.0712, 0.0294
2025-03-05 02:39:02.825207, 320, 240, 5.9450, -0.0043, -0.0075, -0.0005, 0.3236, -9.0515, 0.0294
2025-03-05 02:39:02.891071, 320, 240, 6.0360, 0.0016, -0.0064, 0.0027, 0.3236, -9.0515, 0.0294
2025-03-05 02:39:02.924562, 320, 240, 6.1290, 0.0027, -0.0075, -0.0005, 0.3432, -9.0515, 0.0294
2025-03-05 02:39:02.991074, 320, 240, 6.0360, -0.0021, -0.0053, 0.0016, 0.3236, -9.0712, 0.0294
2025-03-05 02:39:03.057459, 320, 240, 6.2910, 0.0005, -0.0117, 0.0005, 0.3432, -9.0515, 0.0294
2025-03-05 02:39:03.091235, 320, 240, 5.8000, 0.0005, -0.0107, 0.0037, 0.3432, -9.0712, 0.0098
2025-03-05 02:39:03.158301, 320, 240, 5.9450, -0.0011, -0.0075, 0.0005, 0.3432, -9.0515, 0.0098
2025-03-05 02:39:03.191642, 320, 240, 6.7170, -0.0021, -0.0048, 0.0085, 0.3432, -9.0712, 0.0294
2025-03-05 02:39:03.257793, 320, 240, 6.2580, 0.0005, -0.0096, 0.0016, 0.3236, -9.0712, 0.0294
2025-03-05 02:39:03.291382, 320, 240, 5.8860, -0.0016, -0.0075, 0.0005, 0.3236, -9.0515, 0.0294
2025-03-05 02:39:03.357719, 320, 240, 6.0360, 0.0011, -0.0064, 0.0027, 0.3432, -9.0515, 0.0490
2025-03-05 02:39:03.391494, 320, 240, 5.9450, -0.0037, -0.0069, 0.0016, 0.3236, -9.0515, 0.0294
2025-03-05 02:39:03.456556, 320, 240, 6.0660, 0.0000, -0.0080, 0.0043, 0.3236, -9.0515, 0.0294
2025-03-05 02:39:03.491251, 320, 240, 5.9750, 0.0011, -0.0048, 0.0011, 0.3432, -9.0712, 0.0490
2025-03-05 02:39:03.558130, 320, 240, 6.1610, -0.0005, -0.0037, 0.0053, 0.3432, -9.0712, 0.0098
2025-03-05 02:39:03.591530, 320, 240, 5.9750, -0.0021, -0.0096, 0.0037, 0.3236, -9.0515, 0.0294
2025-03-05 02:39:03.658211, 320, 240, 5.9450, 0.0032, -0.0053, 0.0048, 0.3432, -9.0515, 0.0294
2025-03-05 02:39:03.691308, 320, 240, 5.9150, 0.0011, -0.0075, 0.0048, 0.3236, -9.0515, 0.0490
2025-03-05 02:39:03.757852, 320, 240, 6.1610, 0.0011, -0.0053, 0.0016, 0.3236, -9.0515, 0.0294
2025-03-05 02:39:03.791439, 320, 240, 5.9750, -0.0005, -0.0091, 0.0016, 0.3432, -9.0712, 0.0490
2025-03-05 02:39:03.857776, 320, 240, 6.0660, -0.0005, -0.0107, 0.0043, 0.3236, -9.0515, 0.0490
2025-03-05 02:39:03.891473, 320, 240, 5.7720, -0.0021, -0.0080, 0.0048, 0.3432, -9.0712, 0.0294
2025-03-05 02:39:03.958004, 320, 240, 6.0360, 0.0016, -0.0053, 0.0037, 0.3236, -9.0515, 0.0490
