2025-03-05 02:33:40.031833, 320, 240, 6.7940, -0.0091, -0.0117, 0.0075, 0.3040, -9.0908, -0.1471
2025-03-05 02:33:41.633578, 320, 240, 5.7440, -0.0043, -0.0091, 0.0016, 0.3040, -9.0515, -0.1079
2025-03-05 02:33:41.700305, 320, 240, 6.5690, 0.0048, -0.0069, -0.0005, 0.3040, -9.0712, -0.0294
2025-03-05 02:33:41.733708, 320, 240, 6.4970, 0.0043, -0.0101, 0.0011, 0.3040, -9.0712, 0.1471
2025-03-05 02:33:41.800739, 320, 240, 6.8330, -0.0091, -0.0101, 0.0005, 0.3040, -9.0712, 0.1079
2025-03-05 02:33:41.900644, 320, 240, 6.8730, 0.0021, -0.0075, 0.0059, 0.3236, -9.0712, 0.0000
2025-03-05 02:33:44.002695, 320, 240, 6.5690, -0.0043, -0.0085, 0.0037, 0.3040, -9.0712, 0.0000
2025-03-05 02:33:44.034316, 320, 240, 6.7170, -0.0021, -0.0085, 0.0048, 0.3040, -9.0712, -0.0490
2025-03-05 02:33:44.101979, 320, 240, 6.7170, 0.0016, -0.0069, 0.0021, 0.3040, -9.0712, 0.0490
2025-03-05 02:33:44.136363, 320, 240, 6.4970, -0.0005, -0.0091, 0.0053, 0.3040, -9.0712, 0.1079
2025-03-05 02:33:44.202574, 320, 240, 6.7560, -0.0043, -0.0117, 0.0043, 0.3236, -9.0712, 0.0294
2025-03-05 02:33:44.235463, 320, 240, 7.0350, -0.0048, -0.0064, 0.0027, 0.3040, -9.0712, -0.0686
2025-03-05 02:33:44.302846, 320, 240, 6.6800, 0.0021, -0.0021, 0.0043, 0.3040, -9.0712, 0.0490
2025-03-05 02:33:44.335981, 320, 240, 6.9940, -0.0011, -0.0080, 0.0032, 0.3236, -9.0712, 0.1275
2025-03-05 02:33:44.402917, 320, 240, 6.7560, -0.0037, -0.0096, 0.0021, 0.3236, -9.0712, -0.0098
2025-03-05 02:33:44.436459, 320, 240, 6.7170, -0.0011, -0.0107, 0.0016, 0.3040, -9.0712, -0.0490
2025-03-05 02:33:44.501324, 320, 240, 6.7170, 0.0048, -0.0069, 0.0043, 0.3040, -9.0712, 0.0294
2025-03-05 02:33:44.536577, 320, 240, 6.2250, 0.0011, -0.0107, 0.0016, 0.3040, -9.0712, 0.1079
2025-03-05 02:33:44.603281, 320, 240, 6.9130, -0.0032, -0.0059, 0.0043, 0.3040, -9.0712, 0.0000
2025-03-05 02:33:44.636775, 320, 240, 6.7940, -0.0043, -0.0085, 0.0043, 0.3040, -9.0712, -0.0490
2025-03-05 02:33:44.703237, 320, 240, 6.2910, 0.0021, -0.0048, 0.0037, 0.3040, -9.0712, 0.0490
2025-03-05 02:33:44.736671, 320, 240, 6.4970, 0.0021, -0.0048, 0.0043, 0.3040, -9.0712, 0.1275
2025-03-05 02:33:44.803279, 320, 240, 6.7560, -0.0005, -0.0096, 0.0027, 0.3040, -9.0712, 0.0000
2025-03-05 02:33:44.836963, 320, 240, 6.4620, -0.0021, -0.0096, -0.0005, 0.3040, -9.0712, -0.0490
2025-03-05 02:33:44.903404, 320, 240, 6.7170, 0.0037, -0.0101, 0.0016, 0.3040, -9.0712, 0.0686
2025-03-05 02:33:44.936860, 320, 240, 6.6800, 0.0027, -0.0091, 0.0053, 0.3040, -9.0712, 0.0883
2025-03-05 02:33:45.003706, 320, 240, 6.9130, -0.0021, -0.0112, 0.0000, 0.3236, -9.0908, 0.0000
2025-03-05 02:33:45.035312, 320, 240, 6.7170, -0.0043, -0.0085, 0.0032, 0.3040, -9.0515, -0.0490
2025-03-05 02:33:45.103566, 320, 240, 6.7940, 0.0011, -0.0037, 0.0032, 0.3040, -9.0515, 0.0490
2025-03-05 02:33:45.704163, 320, 240, 6.6060, -0.0011, -0.0101, 0.0027, 0.3040, -9.0908, 0.0490
2025-03-05 02:33:45.737691, 320, 240, 6.5690, 0.0021, -0.0032, 0.0037, 0.3040, -9.0908, 0.0883
2025-03-05 02:33:46.571770, 320, 240, 6.6060, -0.0005, -0.0096, 0.0043, 0.3040, -9.0712, 0.0294
2025-03-05 02:33:46.605278, 320, 240, 6.7560, -0.0027, -0.0096, 0.0048, 0.3040, -9.0712, -0.0490
2025-03-05 02:33:46.671700, 320, 240, 6.5330, -0.0016, -0.0043, 0.0011, 0.3236, -9.0712, 0.0098
2025-03-05 02:33:46.705089, 320, 240, 6.6800, 0.0027, -0.0064, 0.0011, 0.3040, -9.0712, 0.0883
2025-03-05 02:33:46.772048, 320, 240, 6.5690, 0.0000, -0.0059, 0.0021, 0.3040, -9.0712, 0.0098
2025-03-05 02:33:46.838303, 320, 240, 6.6800, 0.0021, -0.0107, 0.0053, 0.3040, -9.0712, -0.0490
2025-03-05 02:33:46.872150, 320, 240, 6.7170, 0.0011, -0.0059, 0.0032, 0.3040, -9.0712, 0.0294
2025-03-05 02:33:46.938872, 320, 240, 6.8330, -0.0016, -0.0080, 0.0005, 0.3040, -9.0712, 0.0686
2025-03-05 02:33:46.972254, 320, 240, 6.6060, -0.0037, -0.0053, 0.0032, 0.3040, -9.0712, 0.0000
2025-03-05 02:33:47.037333, 320, 240, 6.3920, -0.0032, -0.0085, 0.0021, 0.3040, -9.0712, 0.0000
2025-03-05 02:33:47.072354, 320, 240, 6.8330, 0.0005, -0.0053, 0.0000, 0.3040, -9.0712, 0.0294
2025-03-05 02:33:47.138792, 320, 240, 6.8330, -0.0005, -0.0133, 0.0043, 0.3236, -9.0908, 0.0490
2025-03-05 02:33:47.172179, 320, 240, 6.7940, -0.0016, -0.0096, 0.0011, 0.3236, -9.0712, 0.0098
2025-03-05 02:33:47.239035, 320, 240, 6.8730, 0.0011, -0.0053, 0.0059, 0.3236, -9.0712, 0.0000
2025-03-05 02:33:47.272129, 320, 240, 6.8330, 0.0027, -0.0085, 0.0021, 0.3040, -9.0712, 0.0490
2025-03-05 02:33:47.338800, 320, 240, 6.7560, 0.0000, -0.0053, 0.0016, 0.3236, -9.0712, 0.0490
2025-03-05 02:33:47.372574, 320, 240, 6.6420, 0.0000, -0.0112, 0.0021, 0.3040, -9.0712, 0.0000
2025-03-05 02:33:47.439414, 320, 240, 6.8730, 0.0016, -0.0069, 0.0016, 0.3040, -9.0908, -0.0294
2025-03-05 02:33:47.472594, 320, 240, 6.2910, 0.0016, -0.0059, 0.0000, 0.3236, -9.0712, 0.0098
2025-03-05 02:33:47.539128, 320, 240, 6.6800, -0.0011, -0.0080, 0.0053, 0.3040, -9.0712, 0.0490
2025-03-05 02:33:47.572720, 320, 240, 6.4970, 0.0000, -0.0075, 0.0027, 0.3040, -9.0908, 0.0000
2025-03-05 02:33:47.639492, 320, 240, 6.9130, 0.0043, -0.0096, 0.0027, 0.3040, -9.0712, 0.0098
2025-03-05 02:33:47.672464, 320, 240, 6.6060, 0.0016, -0.0101, 0.0043, 0.2844, -9.0712, 0.0294
2025-03-05 02:33:47.739571, 320, 240, 6.6800, -0.0016, -0.0075, 0.0021, 0.3040, -9.0515, 0.0686
2025-03-05 02:33:47.772959, 320, 240, 6.7560, -0.0043, -0.0053, 0.0016, 0.3236, -9.0515, 0.0098
2025-03-05 02:33:47.839564, 320, 240, 6.7170, 0.0016, -0.0096, 0.0021, 0.3040, -9.0908, 0.0000
2025-03-05 02:33:47.873153, 320, 240, 6.7940, 0.0005, -0.0027, 0.0000, 0.3040, -9.0908, 0.0490
2025-03-05 02:33:47.939716, 320, 240, 6.8730, 0.0011, -0.0064, -0.0016, 0.3040, -9.0712, 0.0490
2025-03-05 02:33:47.972988, 320, 240, 6.7170, -0.0016, -0.0043, 0.0016, 0.3236, -9.0515, 0.0000
2025-03-05 02:33:48.038323, 320, 240, 6.8330, 0.0016, -0.0069, 0.0021, 0.3236, -9.0908, -0.0098
2025-03-05 02:33:48.073417, 320, 240, 6.5690, 0.0005, -0.0096, 0.0048, 0.3040, -9.0712, 0.0294
2025-03-05 02:33:48.139802, 320, 240, 6.7170, -0.0021, -0.0144, 0.0011, 0.3040, -9.0712, 0.0686
2025-03-05 02:33:48.173739, 320, 240, 6.4620, -0.0048, -0.0085, 0.0005, 0.3040, -9.0515, 0.0098
2025-03-05 02:33:48.241254, 320, 240, 6.8730, 0.0016, -0.0080, 0.0021, 0.3236, -9.0712, 0.0000
2025-03-05 02:33:48.273483, 320, 240, 6.6800, 0.0048, -0.0091, 0.0032, 0.3040, -9.0908, 0.0490
2025-03-05 02:33:48.340013, 320, 240, 6.9530, -0.0011, -0.0117, -0.0005, 0.3040, -9.0712, 0.0490
2025-03-05 02:33:48.373510, 320, 240, 6.9130, 0.0000, -0.0101, 0.0032, 0.3236, -9.0908, 0.0000
2025-03-05 02:33:48.440131, 320, 240, 6.3920, 0.0000, -0.0107, 0.0005, 0.3040, -9.0908, 0.0000
2025-03-05 02:33:49.641229, 320, 240, 6.7560, 0.0032, -0.0112, 0.0037, 0.3236, -9.0712, 0.0294
2025-03-05 02:33:49.707799, 320, 240, 6.3580, 0.0021, -0.0080, 0.0027, 0.3236, -9.0712, 0.0490
2025-03-05 02:33:49.741498, 320, 240, 6.9530, -0.0032, -0.0069, 0.0016, 0.3040, -9.0712, 0.0098
2025-03-05 02:33:49.807810, 320, 240, 6.6800, 0.0011, -0.0075, 0.0000, 0.3236, -9.0712, -0.0098
2025-03-05 02:33:49.841085, 320, 240, 6.7560, -0.0016, -0.0069, 0.0069, 0.3040, -9.0712, 0.0000
2025-03-05 02:33:51.175961, 320, 240, 6.6800, 0.0000, -0.0059, 0.0027, 0.3040, -9.0712, 0.0000
2025-03-05 02:33:51.207751, 320, 240, 6.7560, 0.0011, -0.0064, 0.0021, 0.3236, -9.0712, -0.0098
2025-03-05 02:33:51.275675, 320, 240, 7.1200, 0.0011, -0.0053, -0.0005, 0.3236, -9.0515, 0.0686
2025-03-05 02:33:51.309534, 320, 240, 6.0660, 0.0011, -0.0112, -0.0021, 0.3040, -9.0712, 0.0098
2025-03-05 02:33:51.374995, 320, 240, 7.0350, -0.0027, -0.0059, 0.0037, 0.3040, -9.0712, 0.0000
2025-03-05 02:33:51.409772, 320, 240, 6.6420, 0.0016, -0.0053, 0.0016, 0.3236, -9.0712, -0.0098
2025-03-05 02:33:51.476829, 320, 240, 6.6420, 0.0011, -0.0107, 0.0000, 0.3236, -9.0712, 0.0490
2025-03-05 02:33:51.509090, 320, 240, 6.6800, 0.0005, -0.0075, 0.0000, 0.3040, -9.0712, 0.0490
2025-03-05 02:33:51.576820, 320, 240, 6.6060, -0.0005, -0.0069, 0.0021, 0.3040, -9.0712, -0.0098
2025-03-05 02:33:51.610014, 320, 240, 6.7940, 0.0011, -0.0080, 0.0064, 0.3040, -9.0712, 0.0098
2025-03-05 02:33:51.677108, 320, 240, 6.9940, 0.0021, -0.0085, 0.0021, 0.3236, -9.0712, 0.0490
2025-03-05 02:33:51.709755, 320, 240, 6.7560, -0.0016, -0.0064, 0.0011, 0.3236, -9.0712, 0.0294
2025-03-05 02:33:51.776556, 320, 240, 6.2910, 0.0016, -0.0064, -0.0005, 0.3236, -9.0712, -0.0098
2025-03-05 02:33:51.809795, 320, 240, 6.8730, 0.0005, -0.0037, 0.0021, 0.3040, -9.0712, 0.0000
2025-03-05 02:33:51.876669, 320, 240, 6.7560, 0.0027, -0.0048, 0.0011, 0.3236, -9.0712, 0.0490
2025-03-05 02:33:51.942834, 320, 240, 6.7560, -0.0027, -0.0091, 0.0043, 0.3040, -9.0712, 0.0000
2025-03-05 02:33:51.976931, 320, 240, 5.9750, 0.0011, -0.0021, 0.0053, 0.3236, -9.0515, 0.0000
2025-03-05 02:33:52.043332, 320, 240, 6.4970, 0.0005, -0.0021, -0.0011, 0.3040, -9.0712, 0.0294
2025-03-05 02:33:52.076931, 320, 240, 6.2910, 0.0000, -0.0043, 0.0016, 0.3432, -9.0712, 0.0490
2025-03-05 02:33:52.143513, 320, 240, 6.5690, -0.0005, -0.0053, -0.0011, 0.3236, -9.0515, 0.0000
2025-03-05 02:33:52.177131, 320, 240, 6.7560, 0.0027, -0.0032, 0.0021, 0.3040, -9.0712, 0.0000
2025-03-05 02:33:52.243710, 320, 240, 6.7170, 0.0016, -0.0075, 0.0021, 0.3236, -9.0712, 0.0490
2025-03-05 02:33:52.277165, 320, 240, 6.7170, -0.0037, -0.0032, 0.0037, 0.3040, -9.0712, 0.0294
2025-03-05 02:33:52.343697, 320, 240, 6.3580, -0.0032, -0.0059, -0.0011, 0.3040, -9.0515, -0.0098
2025-03-05 02:33:52.377102, 320, 240, 6.7560, 0.0059, -0.0043, 0.0005, 0.3236, -9.0712, 0.0000
2025-03-05 02:33:52.444044, 320, 240, 6.8330, -0.0011, -0.0021, 0.0032, 0.3040, -9.0712, 0.0294
2025-03-05 02:33:52.477486, 320, 240, 6.8330, 0.0005, -0.0059, 0.0000, 0.3040, -9.0712, 0.0294
2025-03-05 02:33:52.543294, 320, 240, 6.6420, -0.0021, -0.0123, 0.0005, 0.3040, -9.0712, 0.0000
2025-03-05 02:33:52.577517, 320, 240, 7.5730, 0.0016, -0.0064, 0.0043, 0.3236, -9.0712, -0.0098
2025-03-05 02:33:52.644196, 320, 240, 6.7940, 0.0016, -0.0085, 0.0043, 0.3236, -9.0908, 0.0294
2025-03-05 02:33:52.710312, 320, 240, 6.5690, 0.0005, -0.0037, 0.0027, 0.3040, -9.0515, 0.0294
2025-03-05 02:33:52.744494, 320, 240, 6.7940, -0.0043, -0.0080, -0.0005, 0.3040, -9.0712, 0.0000
2025-03-05 02:33:52.810946, 320, 240, 6.8330, 0.0005, -0.0096, -0.0005, 0.3040, -9.0908, 0.0294
2025-03-05 02:33:52.877558, 320, 240, 6.7560, 0.0005, -0.0080, 0.0000, 0.3040, -9.0908, 0.0294
2025-03-05 02:33:52.910831, 320, 240, 6.6800, -0.0011, -0.0101, 0.0011, 0.3040, -9.0908, 0.0098
2025-03-05 02:33:52.978095, 320, 240, 6.7560, 0.0027, -0.0048, 0.0053, 0.3040, -9.0712, 0.0000
2025-03-05 02:33:53.011090, 320, 240, 6.6420, -0.0016, -0.0053, 0.0027, 0.3236, -9.0515, 0.0098
2025-03-05 02:33:53.077897, 320, 240, 6.7940, -0.0027, -0.0080, 0.0016, 0.3236, -9.0712, 0.0294
2025-03-05 02:33:53.111275, 320, 240, 6.8730, 0.0000, -0.0064, -0.0021, 0.3040, -9.0908, 0.0000
2025-03-05 02:33:53.178741, 320, 240, 6.9530, 0.0011, -0.0080, -0.0005, 0.3040, -9.0712, 0.0000
2025-03-05 02:33:53.210185, 320, 240, 6.6800, -0.0016, -0.0021, 0.0021, 0.3040, -9.0712, 0.0098
2025-03-05 02:33:53.278132, 320, 240, 6.8730, -0.0011, -0.0064, 0.0016, 0.3040, -9.0712, 0.0294
2025-03-05 02:33:53.311506, 320, 240, 6.8330, 0.0016, -0.0043, 0.0005, 0.3040, -9.0712, 0.0000
2025-03-05 02:33:53.377305, 320, 240, 6.6420, 0.0027, -0.0107, 0.0000, 0.3236, -9.0712, 0.0098
2025-03-05 02:33:53.410504, 320, 240, 6.7170, 0.0011, -0.0091, -0.0021, 0.3040, -9.0712, 0.0098
2025-03-05 02:33:53.478227, 320, 240, 6.3920, 0.0000, -0.0101, 0.0037, 0.3040, -9.0712, 0.0294
2025-03-05 02:33:53.509956, 320, 240, 6.5330, -0.0005, -0.0064, 0.0048, 0.3236, -9.0712, 0.0000
2025-03-05 02:33:53.578761, 320, 240, 6.7560, 0.0005, -0.0096, 0.0011, 0.3236, -9.0515, 0.0000
2025-03-05 02:33:53.611864, 320, 240, 7.1200, 0.0005, -0.0085, 0.0053, 0.3236, -9.0712, 0.0294
2025-03-05 02:33:53.678810, 320, 240, 6.1290, 0.0032, -0.0048, -0.0005, 0.3040, -9.0712, 0.0490
2025-03-05 02:33:53.712214, 320, 240, 6.6060, -0.0037, -0.0101, 0.0032, 0.3040, -9.0712, 0.0098
2025-03-05 02:33:53.778465, 320, 240, 6.6420, 0.0016, -0.0069, 0.0037, 0.3040, -9.0908, 0.0098
2025-03-05 02:33:53.812027, 320, 240, 6.8330, 0.0011, -0.0059, 0.0037, 0.3236, -9.0515, 0.0098
2025-03-05 02:33:53.878839, 320, 240, 6.6420, -0.0037, -0.0064, 0.0005, 0.3040, -9.0908, 0.0294
2025-03-05 02:33:53.912175, 320, 240, 6.2580, 0.0021, -0.0101, 0.0043, 0.3236, -9.0712, 0.0000
2025-03-05 02:33:53.978773, 320, 240, 6.7560, -0.0005, -0.0101, 0.0037, 0.3040, -9.0712, 0.0098
2025-03-05 02:33:54.012262, 320, 240, 6.6800, -0.0011, -0.0016, 0.0011, 0.3040, -9.0712, 0.0098
2025-03-05 02:33:54.078936, 320, 240, 6.4970, -0.0043, -0.0085, 0.0037, 0.3040, -9.0712, 0.0098
2025-03-05 02:33:54.112392, 320, 240, 6.8730, -0.0016, -0.0128, 0.0021, 0.3236, -9.0712, 0.0098
2025-03-05 02:33:54.178894, 320, 240, 6.3920, -0.0011, -0.0069, 0.0059, 0.3040, -9.0712, 0.0098
2025-03-05 02:33:54.210696, 320, 240, 6.6800, -0.0005, -0.0075, 0.0064, 0.3040, -9.0712, 0.0294
2025-03-05 02:33:54.279221, 320, 240, 6.2910, -0.0016, -0.0059, 0.0037, 0.3432, -9.0908, 0.0098
2025-03-05 02:33:54.312487, 320, 240, 6.7170, 0.0000, -0.0032, 0.0016, 0.3040, -9.0712, 0.0000
2025-03-05 02:33:54.379263, 320, 240, 6.8730, 0.0000, -0.0037, 0.0043, 0.3040, -9.0515, 0.0000
2025-03-05 02:33:54.545754, 320, 240, 6.8330, -0.0011, -0.0128, 0.0043, 0.3236, -9.0712, 0.0000
2025-03-05 02:33:54.579482, 320, 240, 6.7170, 0.0016, -0.0080, 0.0005, 0.3040, -9.0908, 0.0098
2025-03-05 02:33:54.645969, 320, 240, 6.5330, -0.0021, -0.0021, 0.0016, 0.3236, -9.0712, 0.0294
2025-03-05 02:33:54.679486, 320, 240, 7.2060, 0.0011, -0.0080, 0.0048, 0.3236, -9.0712, 0.0294
2025-03-05 02:33:55.046486, 320, 240, 7.0770, 0.0027, -0.0059, 0.0011, 0.3040, -9.0712, 0.0294
2025-03-05 02:33:55.079952, 320, 240, 6.6060, -0.0032, -0.0091, 0.0048, 0.3040, -9.0712, 0.0098
2025-03-05 02:33:55.146579, 320, 240, 6.8330, 0.0000, -0.0069, 0.0032, 0.3040, -9.0712, 0.0098
2025-03-05 02:33:55.279798, 320, 240, 6.8730, 0.0005, -0.0064, -0.0032, 0.3236, -9.0712, 0.0294
2025-03-05 02:33:55.313462, 320, 240, 6.7560, 0.0005, -0.0075, 0.0027, 0.3236, -9.0712, 0.0000
2025-03-05 02:33:55.379973, 320, 240, 6.5330, 0.0032, -0.0128, 0.0069, 0.3040, -9.0908, 0.0098
2025-03-05 02:33:55.412718, 320, 240, 6.5690, -0.0005, -0.0085, 0.0037, 0.3040, -9.0712, 0.0294
2025-03-05 02:33:55.480237, 320, 240, 6.8330, 0.0000, -0.0075, 0.0016, 0.3040, -9.0712, 0.0098
2025-03-05 02:33:55.511951, 320, 240, 6.3920, 0.0000, -0.0053, 0.0027, 0.3236, -9.0712, 0.0000
2025-03-05 02:33:55.580361, 320, 240, 6.6800, 0.0048, -0.0080, 0.0064, 0.3040, -9.0908, 0.0098
2025-03-05 02:33:55.614092, 320, 240, 6.3920, 0.0000, -0.0059, -0.0005, 0.3040, -9.0908, 0.0294
2025-03-05 02:33:55.680424, 320, 240, 6.7170, -0.0032, -0.0048, 0.0027, 0.3040, -9.0712, 0.0098
2025-03-05 02:33:55.714127, 320, 240, 6.7170, 0.0005, -0.0085, 0.0021, 0.3040, -9.0712, 0.0000
2025-03-05 02:33:55.780239, 320, 240, 6.7560, 0.0043, -0.0080, 0.0053, 0.3040, -9.0515, 0.0098
2025-03-05 02:33:55.813820, 320, 240, 6.5330, 0.0005, -0.0053, 0.0048, 0.3040, -9.0712, 0.0294
2025-03-05 02:33:55.880554, 320, 240, 6.9530, -0.0048, -0.0053, 0.0011, 0.3236, -9.0712, 0.0098
2025-03-05 02:33:55.914061, 320, 240, 6.9130, -0.0048, -0.0101, 0.0027, 0.3040, -9.0712, 0.0098
2025-03-05 02:33:55.980694, 320, 240, 6.7940, -0.0011, -0.0053, 0.0043, 0.3040, -9.0908, 0.0294
2025-03-05 02:33:56.014094, 320, 240, 6.4970, 0.0011, -0.0053, 0.0037, 0.3040, -9.0712, 0.0098
2025-03-05 02:33:56.080850, 320, 240, 6.5330, 0.0005, -0.0085, 0.0043, 0.3236, -9.0712, 0.0000
2025-03-05 02:33:56.114119, 320, 240, 6.4970, 0.0016, -0.0064, -0.0016, 0.3236, -9.0712, 0.0000
2025-03-05 02:33:56.180856, 320, 240, 6.8730, 0.0021, -0.0005, 0.0000, 0.3236, -9.0712, 0.0294
2025-03-05 02:33:56.212575, 320, 240, 6.7560, -0.0016, -0.0048, 0.0048, 0.3040, -9.0712, 0.0294
2025-03-05 02:33:56.280768, 320, 240, 6.6060, 0.0043, -0.0037, -0.0011, 0.3236, -9.0712, 0.0098
2025-03-05 02:33:56.314085, 320, 240, 6.9940, -0.0021, -0.0085, 0.0016, 0.3040, -9.0515, 0.0000
2025-03-05 02:33:56.380842, 320, 240, 6.9940, 0.0037, -0.0032, 0.0048, 0.3040, -9.0712, 0.0294
2025-03-05 02:33:56.414498, 320, 240, 7.2500, 0.0000, -0.0064, -0.0005, 0.3040, -9.0712, 0.0098
2025-03-05 02:33:56.480926, 320, 240, 6.3920, -0.0037, -0.0091, 0.0016, 0.3040, -9.0712, 0.0098
2025-03-05 02:33:56.512981, 320, 240, 6.7170, 0.0005, -0.0048, 0.0011, 0.3236, -9.0908, 0.0000
2025-03-05 02:33:56.581351, 320, 240, 6.2580, -0.0032, -0.0043, 0.0037, 0.3236, -9.0712, 0.0098
2025-03-05 02:33:56.614444, 320, 240, 6.6420, 0.0011, -0.0064, 0.0021, 0.3040, -9.0712, 0.0490
2025-03-05 02:33:56.681879, 320, 240, 6.7560, 0.0043, -0.0064, 0.0021, 0.3236, -9.0712, 0.0000
2025-03-05 02:33:56.714649, 320, 240, 6.7170, -0.0027, -0.0043, -0.0005, 0.3040, -9.0712, 0.0098
2025-03-05 02:33:56.781410, 320, 240, 6.8330, 0.0011, -0.0112, 0.0011, 0.3040, -9.0712, 0.0098
2025-03-05 02:33:56.881115, 320, 240, 6.7170, -0.0005, -0.0080, -0.0011, 0.3040, -9.0908, 0.0000
2025-03-05 02:33:56.914751, 320, 240, 6.4970, 0.0032, -0.0075, 0.0016, 0.3236, -9.0712, 0.0000
2025-03-05 02:33:56.981616, 320, 240, 6.8330, 0.0032, -0.0080, 0.0032, 0.3236, -9.0712, 0.0294
2025-03-05 02:33:57.015011, 320, 240, 6.5330, 0.0000, -0.0069, 0.0037, 0.3236, -9.0712, 0.0294
2025-03-05 02:33:57.081491, 320, 240, 6.8330, -0.0037, -0.0075, 0.0005, 0.3236, -9.0712, 0.0294
2025-03-05 02:33:57.115289, 320, 240, 6.7170, -0.0021, -0.0080, 0.0005, 0.3040, -9.0712, 0.0000
2025-03-05 02:33:57.181926, 320, 240, 6.8730, 0.0016, -0.0048, 0.0000, 0.3040, -9.0712, 0.0098
2025-03-05 02:33:57.213466, 320, 240, 6.7170, 0.0005, -0.0091, 0.0027, 0.3236, -9.0908, 0.0098
2025-03-05 02:33:57.281814, 320, 240, 6.8330, 0.0005, -0.0064, 0.0011, 0.3040, -9.0712, 0.0098
2025-03-05 02:33:57.315544, 320, 240, 6.4970, -0.0011, -0.0043, 0.0011, 0.3236, -9.0515, 0.0000
2025-03-05 02:33:57.382365, 320, 240, 6.8730, 0.0027, -0.0075, 0.0005, 0.3236, -9.0908, 0.0098
2025-03-05 02:33:57.415515, 320, 240, 6.8730, -0.0021, -0.0085, 0.0032, 0.3040, -9.0515, 0.0294
2025-03-05 02:33:57.482207, 320, 240, 6.6800, 0.0000, -0.0096, 0.0016, 0.3236, -9.0712, 0.0098
2025-03-05 02:33:57.513930, 320, 240, 6.7560, 0.0021, -0.0037, 0.0011, 0.3236, -9.0712, 0.0000
2025-03-05 02:33:57.582338, 320, 240, 6.5690, 0.0011, -0.0091, 0.0027, 0.3040, -9.0908, 0.0294
2025-03-05 02:33:57.615963, 320, 240, 6.7170, -0.0021, -0.0064, 0.0027, 0.3236, -9.0712, 0.0294
2025-03-05 02:33:57.682224, 320, 240, 6.8730, 0.0011, -0.0101, -0.0005, 0.3040, -9.0712, 0.0098
2025-03-05 02:33:57.715775, 320, 240, 6.2910, -0.0027, -0.0053, 0.0000, 0.3236, -9.0712, 0.0000
2025-03-05 02:33:57.782585, 320, 240, 6.7940, 0.0000, -0.0091, -0.0005, 0.3040, -9.0712, 0.0294
2025-03-05 02:33:57.881815, 320, 240, 6.7560, 0.0005, -0.0107, 0.0011, 0.3040, -9.0712, 0.0000
2025-03-05 02:33:57.915865, 320, 240, 7.0350, -0.0027, -0.0107, 0.0032, 0.3040, -9.0712, 0.0000
2025-03-05 02:33:57.982431, 320, 240, 6.7940, 0.0000, -0.0059, 0.0005, 0.3040, -9.0712, 0.0294
2025-03-05 02:33:58.015934, 320, 240, 6.7170, -0.0016, -0.0080, 0.0021, 0.3040, -9.0712, 0.0098
2025-03-05 02:33:58.082753, 320, 240, 6.5330, 0.0032, -0.0048, 0.0027, 0.3040, -9.0712, 0.0294
2025-03-05 02:33:58.116157, 320, 240, 6.7170, 0.0016, -0.0091, 0.0011, 0.3236, -9.0712, 0.0000
2025-03-05 02:33:58.182838, 320, 240, 6.8330, -0.0027, -0.0096, 0.0021, 0.3040, -9.0712, 0.0294
2025-03-05 02:33:58.214797, 320, 240, 6.8730, -0.0011, -0.0080, 0.0016, 0.3236, -9.0908, 0.0098
2025-03-05 02:33:58.483081, 320, 240, 6.8730, 0.0011, -0.0096, 0.0011, 0.3236, -9.0712, 0.0098
2025-03-05 02:33:58.548167, 320, 240, 6.7560, 0.0032, -0.0085, 0.0027, 0.3040, -9.0712, 0.0098
2025-03-05 02:33:58.582970, 320, 240, 6.7170, 0.0016, -0.0037, 0.0032, 0.3236, -9.0712, 0.0294
2025-03-05 02:33:58.649915, 320, 240, 6.4620, -0.0021, -0.0037, 0.0048, 0.3236, -9.0712, 0.0294
2025-03-05 02:33:58.683137, 320, 240, 6.7560, 0.0016, -0.0080, 0.0037, 0.3236, -9.0712, 0.0000
2025-03-05 02:33:58.816523, 320, 240, 7.0350, -0.0048, -0.0101, 0.0037, 0.3040, -9.0712, 0.0294
2025-03-05 02:33:58.850103, 320, 240, 6.2580, -0.0005, -0.0075, -0.0011, 0.3236, -9.0712, 0.0098
2025-03-05 02:33:58.917637, 320, 240, 6.6420, -0.0037, -0.0059, 0.0021, 0.3040, -9.0712, 0.0098
2025-03-05 02:33:58.950011, 320, 240, 6.4970, 0.0037, -0.0085, 0.0000, 0.3040, -9.0712, 0.0000
2025-03-05 02:33:59.016731, 320, 240, 6.8330, -0.0027, -0.0080, 0.0016, 0.3236, -9.0712, 0.0098
2025-03-05 02:33:59.050569, 320, 240, 6.6800, -0.0005, -0.0096, 0.0005, 0.3040, -9.0712, 0.0098
2025-03-05 02:33:59.117056, 320, 240, 6.7560, -0.0011, -0.0075, 0.0043, 0.3236, -9.0515, 0.0098
2025-03-05 02:33:59.150588, 320, 240, 6.7940, 0.0011, -0.0091, 0.0032, 0.3040, -9.0712, 0.0098
2025-03-05 02:33:59.215580, 320, 240, 6.9130, 0.0016, -0.0107, 0.0053, 0.3236, -9.0712, 0.0098
2025-03-05 02:33:59.249785, 320, 240, 6.1610, 0.0000, -0.0032, -0.0011, 0.3040, -9.0712, 0.0098
2025-03-05 02:33:59.317265, 320, 240, 6.9130, 0.0005, -0.0091, 0.0064, 0.3040, -9.0712, 0.0098
2025-03-05 02:33:59.350628, 320, 240, 6.8330, 0.0000, -0.0059, 0.0064, 0.3236, -9.0712, 0.0294
2025-03-05 02:33:59.417366, 320, 240, 6.8330, -0.0027, -0.0080, 0.0021, 0.3040, -9.0712, 0.0098
2025-03-05 02:33:59.450712, 320, 240, 6.8730, 0.0016, -0.0069, -0.0021, 0.3236, -9.0908, 0.0000
2025-03-05 02:33:59.515986, 320, 240, 7.1200, 0.0011, -0.0075, 0.0027, 0.3236, -9.0712, 0.0098
2025-03-05 02:33:59.784284, 320, 240, 6.9130, -0.0005, -0.0053, 0.0048, 0.3040, -9.0712, 0.0098
2025-03-05 02:33:59.818007, 320, 240, 6.2250, 0.0005, -0.0053, 0.0037, 0.3236, -9.0908, 0.0294
2025-03-05 02:33:59.883675, 320, 240, 6.7170, -0.0011, -0.0080, 0.0000, 0.3236, -9.0712, 0.0000
2025-03-05 02:33:59.918273, 320, 240, 6.5690, -0.0011, -0.0107, 0.0016, 0.3236, -9.0712, 0.0000
2025-03-05 02:33:59.984582, 320, 240, 6.7170, 0.0000, -0.0069, 0.0005, 0.3040, -9.0712, 0.0098
2025-03-05 02:34:00.084601, 320, 240, 6.7560, 0.0005, -0.0064, 0.0021, 0.3040, -9.0712, 0.0294
2025-03-05 02:34:00.150727, 320, 240, 6.6060, 0.0005, -0.0101, 0.0064, 0.3040, -9.0712, 0.0294
2025-03-05 02:34:00.185282, 320, 240, 6.3580, -0.0053, -0.0043, -0.0005, 0.3040, -9.0712, 0.0490
2025-03-05 02:34:00.251420, 320, 240, 6.2910, 0.0011, -0.0064, 0.0021, 0.3040, -9.0712, 0.0000
2025-03-05 02:34:00.284055, 320, 240, 6.4970, -0.0016, -0.0123, 0.0005, 0.3040, -9.0712, 0.0098
2025-03-05 02:34:00.351459, 320, 240, 6.6800, -0.0005, -0.0075, 0.0032, 0.3236, -9.0908, 0.0294
2025-03-05 02:34:00.384795, 320, 240, 6.6420, -0.0005, -0.0048, 0.0000, 0.3236, -9.0712, 0.0098
2025-03-05 02:34:00.451436, 320, 240, 6.3920, 0.0005, -0.0021, 0.0032, 0.3040, -9.0712, 0.0098
2025-03-05 02:34:00.485048, 320, 240, 6.4970, -0.0027, -0.0037, 0.0032, 0.3040, -9.0712, 0.0000
2025-03-05 02:34:00.551425, 320, 240, 6.7170, -0.0011, -0.0053, 0.0032, 0.3236, -9.0712, 0.0098
2025-03-05 02:34:00.583282, 320, 240, 6.5330, -0.0005, -0.0107, 0.0048, 0.3040, -9.0515, 0.0098
2025-03-05 02:34:00.652196, 320, 240, 6.8330, -0.0021, -0.0032, 0.0000, 0.3236, -9.0712, 0.0000
2025-03-05 02:34:00.685183, 320, 240, 6.7560, 0.0021, -0.0059, 0.0053, 0.3236, -9.0712, 0.0294
2025-03-05 02:34:00.752696, 320, 240, 7.0350, 0.0000, -0.0021, -0.0027, 0.3236, -9.0712, 0.0098
2025-03-05 02:34:00.785191, 320, 240, 6.7170, 0.0005, -0.0059, -0.0016, 0.3236, -9.0712, 0.0098
2025-03-05 02:34:00.852149, 320, 240, 6.6800, 0.0000, -0.0032, 0.0027, 0.3236, -9.0712, 0.0098
2025-03-05 02:34:00.885535, 320, 240, 7.0770, -0.0011, -0.0064, 0.0016, 0.3040, -9.0712, 0.0098
2025-03-05 02:34:00.952780, 320, 240, 6.8330, 0.0021, -0.0123, 0.0000, 0.3040, -9.0712, 0.0294
2025-03-05 02:34:00.985504, 320, 240, 6.7170, -0.0005, -0.0043, 0.0016, 0.3040, -9.0712, 0.0294
2025-03-05 02:34:01.052238, 320, 240, 6.7170, -0.0037, -0.0101, 0.0043, 0.3236, -9.0712, 0.0098
2025-03-05 02:34:01.085462, 320, 240, 6.9130, 0.0005, -0.0096, 0.0005, 0.3236, -9.0712, 0.0000
2025-03-05 02:34:01.151991, 320, 240, 6.7170, -0.0021, -0.0059, 0.0053, 0.3236, -9.0712, 0.0098
2025-03-05 02:34:01.185704, 320, 240, 6.9130, 0.0005, -0.0064, 0.0011, 0.3236, -9.0712, 0.0098
2025-03-05 02:34:01.252345, 320, 240, 6.4970, -0.0011, -0.0107, 0.0027, 0.3236, -9.0712, 0.0000
2025-03-05 02:34:01.285794, 320, 240, 6.7170, 0.0016, -0.0069, 0.0011, 0.3040, -9.0908, 0.0098
2025-03-05 02:34:01.352334, 320, 240, 6.4970, -0.0016, -0.0048, 0.0027, 0.3236, -9.0712, 0.0294
2025-03-05 02:34:01.386142, 320, 240, 6.5690, 0.0000, -0.0069, -0.0021, 0.3040, -9.0712, 0.0098
2025-03-05 02:34:01.452361, 320, 240, 6.7560, -0.0005, -0.0085, 0.0011, 0.3236, -9.0712, 0.0098
2025-03-05 02:34:01.486026, 320, 240, 6.6800, -0.0027, -0.0043, -0.0005, 0.3040, -9.0712, 0.0294
2025-03-05 02:34:01.552267, 320, 240, 6.3920, 0.0005, -0.0080, 0.0027, 0.3236, -9.0712, 0.0294
2025-03-05 02:34:01.586103, 320, 240, 6.2910, -0.0005, -0.0043, 0.0021, 0.3236, -9.0712, 0.0098
2025-03-05 02:34:01.652606, 320, 240, 6.7170, 0.0027, -0.0064, 0.0037, 0.3040, -9.0712, 0.0098
2025-03-05 02:34:01.919208, 320, 240, 6.6800, 0.0016, -0.0085, 0.0032, 0.3040, -9.0908, 0.0098
2025-03-05 02:34:01.952536, 320, 240, 6.9530, -0.0021, -0.0075, -0.0016, 0.3040, -9.0712, 0.0294
2025-03-05 02:34:02.019610, 320, 240, 7.0350, -0.0005, -0.0101, 0.0005, 0.3236, -9.0712, 0.0098
2025-03-05 02:34:02.053119, 320, 240, 6.7170, 0.0000, -0.0096, 0.0037, 0.3040, -9.0908, 0.0000
2025-03-05 02:34:02.119797, 320, 240, 6.9940, 0.0048, -0.0043, 0.0027, 0.3236, -9.0712, 0.0294
2025-03-05 02:34:02.152970, 320, 240, 6.8330, -0.0037, -0.0059, 0.0043, 0.3040, -9.0712, 0.0294
2025-03-05 02:34:02.219362, 320, 240, 6.9530, -0.0011, -0.0069, 0.0064, 0.3040, -9.0712, 0.0098
2025-03-05 02:34:02.253379, 320, 240, 6.3580, 0.0016, -0.0053, 0.0005, 0.3040, -9.0712, 0.0000
2025-03-05 02:34:02.319762, 320, 240, 6.5690, -0.0005, -0.0096, 0.0032, 0.3236, -9.0712, 0.0098
2025-03-05 02:34:02.353281, 320, 240, 6.7170, 0.0005, -0.0043, 0.0005, 0.3040, -9.0908, 0.0294
2025-03-05 02:34:02.420014, 320, 240, 6.1290, -0.0005, -0.0064, 0.0000, 0.3236, -9.0908, 0.0098
2025-03-05 02:34:02.453533, 320, 240, 6.9130, -0.0011, -0.0085, -0.0005, 0.3040, -9.0712, 0.0000
2025-03-05 02:34:02.518474, 320, 240, 6.1290, -0.0021, -0.0053, 0.0000, 0.3040, -9.0712, 0.0098
2025-03-05 02:34:02.620665, 320, 240, 6.9530, 0.0011, -0.0064, 0.0048, 0.3040, -9.0515, 0.0098
2025-03-05 02:34:02.653668, 320, 240, 6.5330, -0.0032, -0.0069, 0.0043, 0.3236, -9.0712, 0.0000
2025-03-05 02:34:02.720287, 320, 240, 6.8330, 0.0016, -0.0101, 0.0069, 0.3236, -9.0712, 0.0098
2025-03-05 02:34:02.753731, 320, 240, 6.5690, 0.0048, -0.0069, 0.0032, 0.3040, -9.0712, 0.0000
2025-03-05 02:34:02.820433, 320, 240, 6.7940, -0.0016, -0.0080, 0.0000, 0.3040, -9.0712, 0.0098
2025-03-05 02:34:02.853811, 320, 240, 5.9750, 0.0032, -0.0075, 0.0016, 0.3040, -9.0908, 0.0098
2025-03-05 02:34:03.219428, 320, 240, 6.8730, -0.0027, -0.0112, 0.0016, 0.3236, -9.0712, 0.0098
2025-03-05 02:34:03.254209, 320, 240, 6.7170, 0.0016, -0.0043, 0.0016, 0.3236, -9.0712, 0.0000
2025-03-05 02:34:03.320779, 320, 240, 5.9150, 0.0037, -0.0043, 0.0021, 0.3236, -9.0712, 0.0098
2025-03-05 02:34:03.354541, 320, 240, 6.7170, -0.0005, -0.0075, 0.0053, 0.3236, -9.0712, 0.0294
2025-03-05 02:34:03.420920, 320, 240, 6.7560, -0.0032, -0.0059, 0.0032, 0.3040, -9.0712, 0.0098
2025-03-05 02:34:03.453570, 320, 240, 6.2910, -0.0011, -0.0069, -0.0005, 0.3040, -9.0712, 0.0098
2025-03-05 02:34:03.519561, 320, 240, 7.9270, -0.0011, -0.0016, -0.0005, 0.3236, -9.0712, 0.0294
2025-03-05 02:34:03.552758, 320, 240, 6.1610, -0.0005, -0.0064, 0.0000, 0.3040, -9.0515, 0.0098
2025-03-05 02:34:03.621616, 320, 240, 6.6420, 0.0032, -0.0080, 0.0032, 0.3236, -9.0908, 0.0000
2025-03-05 02:34:03.654588, 320, 240, 6.3920, 0.0000, -0.0096, -0.0005, 0.3236, -9.0908, 0.0000
2025-03-05 02:34:03.721233, 320, 240, 6.6060, 0.0016, -0.0091, -0.0016, 0.3040, -9.0712, 0.0098
2025-03-05 02:34:03.754864, 320, 240, 6.6800, 0.0037, -0.0080, -0.0011, 0.3040, -9.0712, 0.0098
2025-03-05 02:34:03.988273, 320, 240, 7.0350, 0.0037, -0.0053, 0.0021, 0.3040, -9.0712, 0.0098
2025-03-05 02:34:04.021586, 320, 240, 7.4780, 0.0000, -0.0085, 0.0053, 0.3040, -9.0908, 0.0000
2025-03-05 02:34:04.088418, 320, 240, 6.7560, -0.0027, -0.0064, 0.0011, 0.3236, -9.0515, 0.0294
2025-03-05 02:34:04.121789, 320, 240, 6.7560, 0.0000, -0.0112, 0.0021, 0.3236, -9.0712, 0.0294
2025-03-05 02:34:04.188343, 320, 240, 6.3920, -0.0011, -0.0053, 0.0043, 0.3236, -9.0712, 0.0098
2025-03-05 02:34:04.220926, 320, 240, 6.7170, 0.0021, -0.0032, -0.0027, 0.3236, -9.0908, 0.0098
2025-03-05 02:34:04.288289, 320, 240, 6.2580, 0.0011, -0.0064, 0.0027, 0.3040, -9.0712, 0.0098
2025-03-05 02:34:04.321887, 320, 240, 6.7560, -0.0016, -0.0069, 0.0021, 0.3040, -9.0712, 0.0000
2025-03-05 02:34:04.388134, 320, 240, 6.6060, 0.0005, -0.0101, 0.0048, 0.3040, -9.0712, 0.0000
2025-03-05 02:34:04.421587, 320, 240, 6.2580, 0.0053, -0.0053, 0.0032, 0.3236, -9.0712, 0.0000
2025-03-05 02:34:04.488484, 320, 240, 6.6800, -0.0043, -0.0091, 0.0016, 0.3040, -9.0712, 0.0098
2025-03-05 02:34:04.520686, 320, 240, 6.2910, 0.0043, -0.0064, -0.0005, 0.3040, -9.0515, 0.0098
2025-03-05 02:34:04.588623, 320, 240, 6.6800, 0.0016, -0.0043, 0.0011, 0.3040, -9.0908, 0.0098
2025-03-05 02:34:04.622147, 320, 240, 6.9130, -0.0005, -0.0075, 0.0037, 0.3040, -9.0712, 0.0000
2025-03-05 02:34:04.688911, 320, 240, 6.7170, -0.0037, -0.0117, 0.0059, 0.3040, -9.0712, 0.0490
2025-03-05 02:34:04.722261, 320, 240, 6.7170, 0.0016, -0.0053, 0.0075, 0.3040, -9.0712, 0.0098
2025-03-05 02:34:04.789315, 320, 240, 6.7560, -0.0005, -0.0037, 0.0027, 0.3236, -9.0908, 0.0098
2025-03-05 02:34:04.822602, 320, 240, 6.5690, -0.0027, -0.0059, -0.0005, 0.3040, -9.0515, 0.0000
2025-03-05 02:34:04.888182, 320, 240, 6.4970, -0.0005, -0.0048, 0.0021, 0.3040, -9.0712, 0.0294
2025-03-05 02:34:04.922484, 320, 240, 6.5330, -0.0005, -0.0091, 0.0021, 0.3040, -9.0712, 0.0000
2025-03-05 02:34:04.989118, 320, 240, 6.7170, 0.0000, -0.0107, 0.0043, 0.3040, -9.0712, 0.0000
2025-03-05 02:34:05.022940, 320, 240, 6.7560, -0.0021, -0.0107, 0.0005, 0.3236, -9.0908, 0.0098
2025-03-05 02:34:05.089361, 320, 240, 6.6800, -0.0005, -0.0085, 0.0027, 0.3236, -9.0712, 0.0098
2025-03-05 02:34:05.123138, 320, 240, 6.7560, -0.0016, -0.0107, 0.0005, 0.3040, -9.0712, 0.0098
2025-03-05 02:34:05.189137, 320, 240, 6.9130, -0.0011, -0.0085, -0.0016, 0.3236, -9.0712, 0.0000
2025-03-05 02:34:05.221639, 320, 240, 6.9130, 0.0011, -0.0107, 0.0027, 0.3040, -9.0712, 0.0098
2025-03-05 02:34:05.289214, 320, 240, 6.8730, 0.0037, -0.0080, 0.0043, 0.3236, -9.0712, 0.0000
2025-03-05 02:34:05.322824, 320, 240, 6.7940, -0.0016, -0.0091, 0.0043, 0.3040, -9.0908, 0.0098
2025-03-05 02:34:05.389285, 320, 240, 6.8730, 0.0000, -0.0112, 0.0037, 0.3236, -9.0712, 0.0000
2025-03-05 02:34:05.422278, 320, 240, 6.3580, 0.0037, -0.0048, 0.0021, 0.3236, -9.0515, 0.0294
2025-03-05 02:34:05.489558, 320, 240, 6.7170, 0.0011, -0.0075, -0.0027, 0.3040, -9.0712, 0.0294
2025-03-05 02:34:05.521888, 320, 240, 6.8730, 0.0000, -0.0101, 0.0064, 0.3040, -9.0908, 0.0000
2025-03-05 02:34:05.589369, 320, 240, 7.2060, 0.0027, -0.0096, 0.0069, 0.3236, -9.0712, 0.0000
2025-03-05 02:34:05.623031, 320, 240, 6.9530, -0.0021, -0.0075, 0.0064, 0.3040, -9.0515, 0.0098
2025-03-05 02:34:05.689930, 320, 240, 6.8730, -0.0016, -0.0064, 0.0027, 0.3040, -9.0908, 0.0294
2025-03-05 02:34:05.723224, 320, 240, 6.7940, 0.0005, -0.0053, 0.0053, 0.3236, -9.0712, 0.0294
2025-03-05 02:34:05.789798, 320, 240, 6.3580, 0.0005, -0.0053, 0.0011, 0.3236, -9.0712, 0.0294
2025-03-05 02:34:05.823276, 320, 240, 6.6420, 0.0016, -0.0080, 0.0016, 0.3236, -9.0712, 0.0000
2025-03-05 02:34:05.889875, 320, 240, 6.8330, -0.0011, -0.0059, 0.0016, 0.3040, -9.0712, 0.0098
2025-03-05 02:34:05.923288, 320, 240, 6.2250, 0.0011, -0.0085, 0.0048, 0.3236, -9.0712, 0.0098
2025-03-05 02:34:05.990167, 320, 240, 6.8730, -0.0005, -0.0032, 0.0000, 0.3236, -9.0712, 0.0294
2025-03-05 02:34:06.023398, 320, 240, 6.2910, 0.0005, -0.0101, -0.0021, 0.3236, -9.0712, 0.0098
2025-03-05 02:34:06.090332, 320, 240, 7.1200, -0.0011, -0.0059, 0.0043, 0.3236, -9.0712, 0.0098
2025-03-05 02:34:06.123566, 320, 240, 6.7560, 0.0005, -0.0064, 0.0037, 0.3236, -9.0712, 0.0098
2025-03-05 02:34:06.190505, 320, 240, 6.3920, 0.0005, -0.0043, 0.0021, 0.3040, -9.0712, 0.0098
2025-03-05 02:34:06.222523, 320, 240, 6.6800, 0.0032, -0.0085, 0.0037, 0.3236, -9.0712, 0.0000
2025-03-05 02:34:06.290645, 320, 240, 6.8330, -0.0027, -0.0101, 0.0016, 0.3236, -9.0712, 0.0098
2025-03-05 02:34:06.323931, 320, 240, 6.6800, -0.0011, -0.0059, 0.0048, 0.3040, -9.0712, 0.0000
2025-03-05 02:34:06.390573, 320, 240, 6.2580, -0.0011, -0.0037, 0.0059, 0.3040, -9.0712, 0.0098
2025-03-05 02:34:06.423884, 320, 240, 6.8730, 0.0043, -0.0091, -0.0005, 0.3236, -9.0712, 0.0098
2025-03-05 02:34:06.490515, 320, 240, 6.5690, 0.0000, -0.0043, 0.0016, 0.3432, -9.0712, 0.0294
2025-03-05 02:34:06.522439, 320, 240, 6.6060, -0.0021, -0.0080, 0.0005, 0.3236, -9.0712, 0.0294
2025-03-05 02:34:06.590866, 320, 240, 6.7560, -0.0016, -0.0048, 0.0043, 0.3236, -9.0712, 0.0000
2025-03-05 02:34:06.623888, 320, 240, 6.7560, -0.0005, -0.0043, 0.0027, 0.2844, -9.0908, 0.0000
2025-03-05 02:34:06.690838, 320, 240, 6.8330, 0.0048, -0.0059, 0.0027, 0.3040, -9.0908, 0.0098
2025-03-05 02:34:06.724090, 320, 240, 6.6420, -0.0043, -0.0037, 0.0021, 0.3236, -9.0712, 0.0098
2025-03-05 02:34:06.891010, 320, 240, 6.7170, -0.0005, -0.0075, 0.0005, 0.3040, -9.0712, 0.0294
2025-03-05 02:34:06.924392, 320, 240, 6.9130, 0.0005, -0.0085, 0.0027, 0.3236, -9.0712, 0.0098
2025-03-05 02:34:06.991431, 320, 240, 6.6800, -0.0043, -0.0096, 0.0032, 0.3040, -9.0712, 0.0098
2025-03-05 02:34:07.024975, 320, 240, 7.0350, -0.0005, -0.0101, 0.0064, 0.3236, -9.0712, 0.0294
2025-03-05 02:34:07.324754, 320, 240, 6.8330, 0.0021, -0.0043, 0.0016, 0.3040, -9.0712, 0.0098
2025-03-05 02:34:07.391345, 320, 240, 6.8730, 0.0016, -0.0021, 0.0005, 0.3040, -9.0712, 0.0098
2025-03-05 02:34:07.423115, 320, 240, 6.7560, 0.0005, -0.0107, 0.0011, 0.3040, -9.0712, 0.0294
2025-03-05 02:34:07.725687, 320, 240, 6.8730, 0.0011, -0.0048, 0.0011, 0.3236, -9.0908, 0.0294
2025-03-05 02:34:07.758744, 320, 240, 6.9130, 0.0005, -0.0048, 0.0048, 0.3040, -9.0712, 0.0000
2025-03-05 02:34:07.825048, 320, 240, 6.8330, -0.0016, -0.0075, 0.0011, 0.3236, -9.0712, 0.0098
2025-03-05 02:34:07.858124, 320, 240, 6.6420, -0.0021, -0.0064, 0.0043, 0.3236, -9.0712, 0.0098
2025-03-05 02:34:07.924654, 320, 240, 6.6800, -0.0005, -0.0144, 0.0000, 0.3236, -9.0712, 0.0000
2025-03-05 02:34:15.732121, 320, 240, 6.6800, -0.0005, -0.0032, 0.0016, 0.3040, -9.0712, 0.0294
2025-03-05 02:34:15.764624, 320, 240, 6.9530, 0.0011, -0.0059, 0.0011, 0.3236, -9.0712, 0.0098
2025-03-05 02:34:15.832862, 320, 240, 6.2250, -0.0032, -0.0091, 0.0027, 0.3040, -9.0712, 0.0294
2025-03-05 02:34:15.866715, 320, 240, 6.7560, -0.0027, -0.0080, -0.0021, 0.3432, -9.0712, 0.0098
2025-03-05 02:34:15.932823, 320, 240, 6.7560, 0.0005, -0.0085, 0.0005, 0.2844, -9.0515, 0.0098
2025-03-05 02:34:15.966159, 320, 240, 6.9530, 0.0000, -0.0080, 0.0005, 0.3040, -9.0712, 0.0294
2025-03-05 02:34:16.032626, 320, 240, 6.9940, -0.0011, -0.0091, -0.0021, 0.3040, -9.0712, 0.0098
2025-03-05 02:34:16.700249, 320, 240, 6.9130, 0.0032, -0.0101, 0.0037, 0.3236, -9.0712, 0.0000
2025-03-05 02:34:16.732903, 320, 240, 6.8730, -0.0032, -0.0075, 0.0048, 0.3236, -9.0908, 0.0294
2025-03-05 02:34:16.799397, 320, 240, 6.3920, 0.0000, -0.0064, -0.0011, 0.3236, -9.0515, 0.0000
2025-03-05 02:34:18.100962, 320, 240, 7.1200, -0.0037, -0.0112, 0.0021, 0.3236, -9.0712, 0.0294
2025-03-05 02:34:18.134897, 320, 240, 6.7940, 0.0021, -0.0085, 0.0043, 0.3236, -9.0712, 0.0098
2025-03-05 02:34:20.136514, 320, 240, 6.6800, 0.0027, -0.0096, 0.0059, 0.3236, -9.0712, 0.0000
2025-03-05 02:34:20.168518, 320, 240, 6.9940, 0.0005, -0.0053, 0.0032, 0.3040, -9.0712, 0.0098
2025-03-05 02:34:20.236122, 320, 240, 6.8730, -0.0021, -0.0059, 0.0005, 0.3236, -9.0908, 0.0098
2025-03-05 02:34:20.269834, 320, 240, 6.8330, -0.0011, -0.0112, -0.0011, 0.3040, -9.0712, 0.0098
2025-03-05 02:34:20.569675, 320, 240, 6.7940, -0.0005, -0.0059, 0.0011, 0.3236, -9.0712, 0.0000
2025-03-05 02:34:20.602890, 320, 240, 6.7560, 0.0037, -0.0064, 0.0027, 0.3040, -9.0712, 0.0098
2025-03-05 02:34:20.670221, 320, 240, 7.1200, 0.0016, -0.0059, 0.0032, 0.3040, -9.0908, 0.0294
2025-03-05 02:34:20.803818, 320, 240, 6.7170, -0.0005, -0.0032, 0.0053, 0.3040, -9.0712, 0.0098
2025-03-05 02:34:20.836915, 320, 240, 6.8730, 0.0021, -0.0075, -0.0005, 0.3040, -9.0712, 0.0098
2025-03-05 02:34:20.903952, 320, 240, 6.7170, -0.0032, -0.0101, 0.0016, 0.3040, -9.0712, 0.0294
2025-03-05 02:34:20.937441, 320, 240, 7.0770, 0.0011, -0.0075, 0.0043, 0.3236, -9.0712, 0.0098
2025-03-05 02:34:21.003866, 320, 240, 6.5690, 0.0000, -0.0059, 0.0005, 0.3040, -9.0712, 0.0098
2025-03-05 02:34:21.037810, 320, 240, 6.4970, 0.0016, -0.0069, 0.0011, 0.3236, -9.0712, 0.0098
2025-03-05 02:34:21.204484, 320, 240, 6.8330, 0.0000, -0.0080, 0.0032, 0.3040, -9.0712, 0.0098
2025-03-05 02:34:21.237794, 320, 240, 6.7560, 0.0000, -0.0043, 0.0053, 0.3040, -9.0712, 0.0098
2025-03-05 02:34:21.304535, 320, 240, 6.8730, 0.0011, -0.0069, 0.0043, 0.3040, -9.0712, 0.0000
2025-03-05 02:34:21.336996, 320, 240, 6.8330, -0.0005, -0.0080, 0.0011, 0.3040, -9.0712, 0.0098
2025-03-05 02:34:21.404560, 320, 240, 7.1200, -0.0021, -0.0059, 0.0005, 0.3040, -9.0712, 0.0098
2025-03-05 02:34:21.470687, 320, 240, 6.6800, -0.0016, -0.0096, 0.0016, 0.3040, -9.0515, 0.0000
2025-03-05 02:34:21.504536, 320, 240, 6.6800, -0.0005, -0.0075, 0.0037, 0.3236, -9.0712, 0.0490
2025-03-05 02:34:21.570221, 320, 240, 6.8330, 0.0000, -0.0112, 0.0037, 0.3040, -9.0712, 0.0000
2025-03-05 02:34:21.604931, 320, 240, 6.9530, -0.0011, -0.0075, 0.0032, 0.3236, -9.0712, 0.0294
2025-03-05 02:34:21.671463, 320, 240, 7.0350, 0.0032, -0.0021, -0.0005, 0.3040, -9.0712, 0.0294
2025-03-05 02:34:21.705590, 320, 240, 6.7560, 0.0005, -0.0075, -0.0016, 0.3236, -9.0712, 0.0000
2025-03-05 02:34:21.770330, 320, 240, 6.6800, -0.0011, -0.0096, -0.0005, 0.3236, -9.0712, 0.0098
2025-03-05 02:34:21.805132, 320, 240, 6.7560, 0.0000, -0.0048, 0.0011, 0.3040, -9.0908, 0.0000
2025-03-05 02:34:21.871689, 320, 240, 6.8330, 0.0043, -0.0053, 0.0027, 0.3236, -9.0712, 0.0098
2025-03-05 02:34:21.905158, 320, 240, 6.8330, 0.0021, -0.0075, 0.0016, 0.3432, -9.0712, 0.0000
2025-03-05 02:34:22.071908, 320, 240, 6.7940, 0.0005, -0.0069, 0.0021, 0.3040, -9.0712, 0.0098
2025-03-05 02:34:22.105449, 320, 240, 6.6800, 0.0021, -0.0096, 0.0011, 0.3236, -9.0712, 0.0098
2025-03-05 02:34:22.170542, 320, 240, 7.1200, 0.0005, -0.0091, 0.0005, 0.3236, -9.0712, 0.0294
2025-03-05 02:34:22.203579, 320, 240, 6.5330, -0.0005, -0.0107, -0.0005, 0.3236, -9.0712, 0.0098
2025-03-05 02:34:22.272091, 320, 240, 6.7170, 0.0016, -0.0037, 0.0016, 0.3040, -9.0712, 0.0098
2025-03-05 02:34:22.305257, 320, 240, 6.6800, 0.0037, -0.0080, 0.0032, 0.3236, -9.0712, 0.0098
2025-03-05 02:34:22.372237, 320, 240, 6.6420, 0.0011, -0.0064, 0.0016, 0.3040, -9.0712, 0.0000
2025-03-05 02:34:22.405539, 320, 240, 6.7560, 0.0005, -0.0080, 0.0011, 0.3040, -9.0712, 0.0098
2025-03-05 02:34:22.472264, 320, 240, 6.9940, -0.0037, -0.0085, -0.0016, 0.3236, -9.0515, 0.0098
2025-03-05 02:34:22.505369, 320, 240, 6.7560, 0.0011, -0.0069, -0.0016, 0.3236, -9.0712, 0.0098
2025-03-05 02:34:22.571086, 320, 240, 6.3580, -0.0027, -0.0123, 0.0037, 0.3040, -9.0712, 0.0098
2025-03-05 02:34:22.605602, 320, 240, 6.7170, 0.0005, -0.0123, 0.0037, 0.3236, -9.0712, 0.0294
2025-03-05 02:34:22.672332, 320, 240, 6.6800, -0.0027, -0.0096, 0.0059, 0.3236, -9.0515, 0.0098
2025-03-05 02:34:22.906041, 320, 240, 6.6800, -0.0011, -0.0069, 0.0080, 0.3040, -9.0712, 0.0294
2025-03-05 02:34:22.939276, 320, 240, 7.0770, 0.0016, -0.0069, 0.0032, 0.3040, -9.0712, 0.0294
2025-03-05 02:34:23.005871, 320, 240, 6.4620, -0.0016, -0.0037, 0.0032, 0.3040, -9.0908, 0.0098
2025-03-05 02:34:23.039550, 320, 240, 6.8330, -0.0016, -0.0032, 0.0000, 0.3040, -9.0712, 0.0000
2025-03-05 02:34:23.106206, 320, 240, 6.6060, 0.0005, -0.0064, 0.0027, 0.3236, -9.0712, 0.0098
2025-03-05 02:34:23.139700, 320, 240, 6.6060, 0.0005, -0.0048, 0.0048, 0.3040, -9.0712, 0.0098
2025-03-05 02:34:23.506551, 320, 240, 6.8730, 0.0021, -0.0048, 0.0005, 0.3236, -9.0712, 0.0294
2025-03-05 02:34:23.538303, 320, 240, 6.7560, -0.0016, -0.0107, 0.0043, 0.3236, -9.0712, 0.0098
2025-03-05 02:34:23.607132, 320, 240, 6.3920, 0.0005, -0.0101, 0.0027, 0.3040, -9.0712, 0.0098
2025-03-05 02:34:23.639976, 320, 240, 6.8330, 0.0005, -0.0043, 0.0005, 0.3236, -9.0712, 0.0098
2025-03-05 02:34:23.706793, 320, 240, 6.7560, 0.0005, -0.0069, 0.0016, 0.3236, -9.0908, 0.0098
2025-03-05 02:34:23.740129, 320, 240, 6.6800, -0.0005, -0.0037, 0.0037, 0.3236, -9.0908, 0.0294
2025-03-05 02:34:23.805990, 320, 240, 6.6060, 0.0011, -0.0080, -0.0005, 0.3236, -9.0515, 0.0098
2025-03-05 02:34:23.839414, 320, 240, 7.0350, 0.0021, -0.0037, 0.0021, 0.3236, -9.0908, 0.0098
2025-03-05 02:34:24.507653, 320, 240, 6.6420, 0.0032, -0.0069, 0.0021, 0.3040, -9.0712, 0.0098
2025-03-05 02:34:24.774615, 320, 240, 6.6420, -0.0037, -0.0064, 0.0032, 0.3040, -9.0712, 0.0294
2025-03-05 02:34:24.807967, 320, 240, 6.8730, -0.0032, -0.0069, 0.0037, 0.3236, -9.0712, 0.0294
2025-03-05 02:34:24.874532, 320, 240, 6.8730, 0.0043, -0.0048, 0.0032, 0.3040, -9.0712, 0.0000
2025-03-05 02:34:24.907958, 320, 240, 6.8730, -0.0016, -0.0005, 0.0021, 0.3236, -9.0712, 0.0000
2025-03-05 02:34:24.974562, 320, 240, 6.7170, -0.0005, -0.0101, 0.0032, 0.3236, -9.0712, 0.0098
2025-03-05 02:34:25.007843, 320, 240, 6.8730, 0.0000, -0.0085, 0.0032, 0.3236, -9.0712, 0.0294
2025-03-05 02:34:25.074702, 320, 240, 6.7560, 0.0037, -0.0064, 0.0027, 0.3040, -9.0515, 0.0294
2025-03-05 02:34:25.108084, 320, 240, 6.8330, -0.0027, -0.0075, -0.0011, 0.3236, -9.0712, 0.0000
2025-03-05 02:34:25.173097, 320, 240, 6.6800, -0.0053, -0.0043, 0.0016, 0.3236, -9.0515, 0.0000
2025-03-05 02:34:25.208179, 320, 240, 6.7170, -0.0016, -0.0059, 0.0064, 0.3236, -9.0712, 0.0098
2025-03-05 02:34:25.274557, 320, 240, 6.9130, 0.0027, -0.0043, 0.0059, 0.3236, -9.0712, 0.0098
2025-03-05 02:34:25.339903, 320, 240, 6.5330, 0.0011, -0.0080, 0.0005, 0.3432, -9.0712, 0.0000
2025-03-05 02:34:25.374991, 320, 240, 6.8330, -0.0069, -0.0123, 0.0011, 0.3040, -9.0712, 0.0294
2025-03-05 02:34:25.441846, 320, 240, 6.7170, -0.0011, -0.0112, 0.0027, 0.3236, -9.0712, 0.0098
2025-03-05 02:34:25.475165, 320, 240, 6.7560, 0.0037, -0.0016, 0.0043, 0.3236, -9.0712, 0.0098
2025-03-05 02:34:25.540905, 320, 240, 6.6800, 0.0032, -0.0091, 0.0021, 0.3040, -9.0712, 0.0098
2025-03-05 02:34:25.573568, 320, 240, 6.5690, 0.0011, -0.0064, 0.0021, 0.3040, -9.0515, 0.0098
2025-03-05 02:34:25.641906, 320, 240, 6.5690, 0.0005, -0.0080, 0.0027, 0.3040, -9.0712, 0.0098
2025-03-05 02:34:25.675239, 320, 240, 6.8330, -0.0021, -0.0133, 0.0021, 0.3236, -9.0712, 0.0098
2025-03-05 02:34:25.741930, 320, 240, 6.6800, 0.0005, -0.0069, 0.0048, 0.3040, -9.0712, 0.0098
2025-03-05 02:34:25.775585, 320, 240, 7.0350, -0.0021, -0.0032, 0.0064, 0.3040, -9.0712, 0.0098
2025-03-05 02:34:25.842122, 320, 240, 7.1200, -0.0011, -0.0059, 0.0011, 0.3236, -9.0908, 0.0098
2025-03-05 02:34:25.874853, 320, 240, 6.7560, -0.0011, -0.0107, 0.0021, 0.3236, -9.0712, 0.0098
2025-03-05 02:34:25.941952, 320, 240, 6.2910, -0.0011, -0.0059, 0.0000, 0.3236, -9.0515, 0.0098
2025-03-05 02:34:26.009885, 320, 240, 6.5690, -0.0016, -0.0107, 0.0021, 0.3236, -9.0712, 0.0294
2025-03-05 02:34:26.042850, 320, 240, 6.8730, 0.0059, -0.0085, 0.0016, 0.3040, -9.0712, 0.0098
2025-03-05 02:34:26.108995, 320, 240, 6.6800, 0.0027, -0.0080, 0.0021, 0.3236, -9.0712, 0.0098
2025-03-05 02:34:26.142444, 320, 240, 6.8330, -0.0011, -0.0075, 0.0027, 0.3236, -9.0712, 0.0000
2025-03-05 02:34:26.208974, 320, 240, 6.3580, -0.0016, -0.0059, 0.0016, 0.3040, -9.0908, 0.0098
2025-03-05 02:34:26.242367, 320, 240, 6.7940, 0.0037, -0.0048, 0.0005, 0.3040, -9.0712, 0.0000
2025-03-05 02:34:26.309456, 320, 240, 6.8330, 0.0000, -0.0032, 0.0048, 0.3040, -9.0712, 0.0098
2025-03-05 02:34:26.342679, 320, 240, 6.8730, 0.0016, -0.0080, -0.0011, 0.3236, -9.0712, 0.0098
2025-03-05 02:34:26.409424, 320, 240, 6.6800, -0.0016, -0.0080, 0.0016, 0.3236, -9.0712, 0.0098
2025-03-05 02:34:26.442554, 320, 240, 6.6800, -0.0005, -0.0133, 0.0037, 0.3236, -9.0712, 0.0000
2025-03-05 02:34:26.509761, 320, 240, 6.7940, -0.0032, -0.0080, 0.0011, 0.3236, -9.0712, 0.0098
2025-03-05 02:34:26.541195, 320, 240, 6.7940, 0.0011, -0.0064, 0.0037, 0.3040, -9.0908, 0.0098
2025-03-05 02:34:26.609575, 320, 240, 6.0660, 0.0011, -0.0064, 0.0005, 0.3040, -9.0515, 0.0098
2025-03-05 02:34:26.643000, 320, 240, 6.1610, -0.0053, -0.0096, 0.0069, 0.3040, -9.0712, 0.0098
2025-03-05 02:34:26.709478, 320, 240, 6.7170, 0.0021, -0.0080, 0.0011, 0.3040, -9.0712, 0.0098
2025-03-05 02:34:26.742288, 320, 240, 6.4620, 0.0016, 0.0000, 0.0032, 0.3236, -9.0712, -0.0098
2025-03-05 02:34:26.809376, 320, 240, 6.8330, -0.0021, -0.0091, 0.0021, 0.3236, -9.0712, 0.0098
2025-03-05 02:34:26.843573, 320, 240, 6.7940, 0.0016, -0.0053, 0.0027, 0.3236, -9.0712, 0.0098
2025-03-05 02:34:26.909625, 320, 240, 6.3920, 0.0005, -0.0043, 0.0027, 0.3236, -9.0712, 0.0098
2025-03-05 02:34:26.942755, 320, 240, 6.7560, -0.0016, -0.0069, 0.0005, 0.3040, -9.0712, 0.0098
2025-03-05 02:34:27.009797, 320, 240, 5.7720, 0.0016, -0.0043, 0.0032, 0.3040, -9.0712, 0.0098
2025-03-05 02:34:27.043185, 320, 240, 6.8330, -0.0005, -0.0107, -0.0011, 0.3040, -9.0712, 0.0098
2025-03-05 02:34:27.109917, 320, 240, 6.5330, 0.0005, -0.0096, 0.0048, 0.3040, -9.0712, 0.0098
2025-03-05 02:34:27.143150, 320, 240, 6.7560, -0.0043, -0.0085, 0.0080, 0.3236, -9.0712, 0.0000
2025-03-05 02:34:27.210193, 320, 240, 6.8330, 0.0027, -0.0107, 0.0011, 0.3236, -9.0908, 0.0098
2025-03-05 02:34:27.243438, 320, 240, 6.9130, -0.0011, -0.0091, 0.0005, 0.3236, -9.0712, 0.0098
2025-03-05 02:34:27.310096, 320, 240, 6.7170, -0.0011, -0.0059, 0.0032, 0.3236, -9.0712, 0.0098
2025-03-05 02:34:27.343332, 320, 240, 6.6800, -0.0005, -0.0107, 0.0011, 0.3040, -9.0712, 0.0098
2025-03-05 02:34:27.410204, 320, 240, 6.7940, -0.0011, -0.0037, 0.0037, 0.3236, -9.0712, 0.0098
2025-03-05 02:34:27.444001, 320, 240, 6.7560, 0.0000, -0.0032, 0.0021, 0.3040, -9.0712, 0.0294
2025-03-05 02:34:27.510204, 320, 240, 6.8330, 0.0011, -0.0091, 0.0005, 0.3040, -9.0712, 0.0098
2025-03-05 02:34:27.542237, 320, 240, 6.8730, 0.0016, -0.0091, 0.0043, 0.3236, -9.0712, 0.0000
2025-03-05 02:34:27.610442, 320, 240, 7.5250, 0.0021, -0.0080, 0.0016, 0.3040, -9.0515, 0.0098
2025-03-05 02:34:27.676953, 320, 240, 6.6800, -0.0005, -0.0091, 0.0027, 0.3040, -9.0712, 0.0098
2025-03-05 02:34:27.710658, 320, 240, 6.8330, -0.0011, -0.0117, 0.0027, 0.3236, -9.0712, 0.0098
2025-03-05 02:34:27.776981, 320, 240, 6.7170, -0.0032, -0.0064, 0.0021, 0.3040, -9.0712, 0.0098
2025-03-05 02:34:27.810575, 320, 240, 6.7940, 0.0000, -0.0085, 0.0005, 0.3236, -9.0712, 0.0098
2025-03-05 02:34:27.877577, 320, 240, 6.7560, -0.0021, -0.0064, 0.0037, 0.3040, -9.0712, 0.0000
2025-03-05 02:34:27.909315, 320, 240, 6.6800, 0.0016, -0.0053, 0.0016, 0.3040, -9.0908, 0.0098
2025-03-05 02:34:27.977703, 320, 240, 6.5690, 0.0016, -0.0080, 0.0048, 0.3236, -9.0712, 0.0000
2025-03-05 02:34:28.010831, 320, 240, 6.9130, -0.0005, -0.0043, 0.0032, 0.3040, -9.0712, 0.0098
2025-03-05 02:34:28.077667, 320, 240, 7.1200, 0.0032, -0.0075, 0.0043, 0.3040, -9.0712, 0.0294
2025-03-05 02:34:28.110952, 320, 240, 6.8330, 0.0037, -0.0080, 0.0011, 0.3040, -9.0712, 0.0098
2025-03-05 02:34:28.176175, 320, 240, 6.7170, 0.0021, -0.0032, -0.0011, 0.3040, -9.0515, 0.0294
2025-03-05 02:34:28.210989, 320, 240, 6.6060, -0.0016, -0.0075, 0.0037, 0.3040, -9.0908, 0.0294
2025-03-05 02:34:28.277866, 320, 240, 6.7170, 0.0021, -0.0085, 0.0064, 0.3236, -9.0712, 0.0000
2025-03-05 02:34:28.311116, 320, 240, 6.6800, 0.0011, -0.0091, 0.0027, 0.3236, -9.0712, 0.0294
2025-03-05 02:34:28.377957, 320, 240, 6.5330, 0.0021, -0.0085, -0.0005, 0.3236, -9.0712, 0.0098
2025-03-05 02:34:28.411134, 320, 240, 6.4620, -0.0016, -0.0080, 0.0021, 0.3236, -9.0712, 0.0098
2025-03-05 02:34:28.477844, 320, 240, 6.7560, -0.0021, -0.0053, 0.0016, 0.3236, -9.0712, 0.0098
2025-03-05 02:34:28.511221, 320, 240, 6.8330, 0.0000, -0.0075, 0.0043, 0.3236, -9.0908, 0.0098
2025-03-05 02:34:28.576697, 320, 240, 6.5330, -0.0016, -0.0075, 0.0032, 0.3236, -9.0515, 0.0098
2025-03-05 02:34:28.611621, 320, 240, 6.7170, 0.0027, -0.0091, 0.0011, 0.3040, -9.0712, 0.0098
2025-03-05 02:34:28.678004, 320, 240, 6.4620, -0.0011, -0.0133, 0.0021, 0.3040, -9.0712, 0.0098
2025-03-05 02:34:28.711654, 320, 240, 6.3580, -0.0027, -0.0085, 0.0027, 0.3236, -9.0712, 0.0294
2025-03-05 02:34:28.778579, 320, 240, 6.7170, 0.0005, -0.0080, 0.0005, 0.3236, -9.0712, 0.0294
2025-03-05 02:34:28.811424, 320, 240, 6.6060, 0.0027, -0.0048, 0.0027, 0.3236, -9.0712, 0.0098
2025-03-05 02:34:28.878260, 320, 240, 6.8330, 0.0005, -0.0059, 0.0011, 0.3040, -9.0712, 0.0098
2025-03-05 02:34:28.911597, 320, 240, 6.6800, 0.0053, -0.0101, 0.0021, 0.3236, -9.0908, 0.0000
2025-03-05 02:34:28.978348, 320, 240, 6.5690, 0.0011, -0.0021, 0.0027, 0.3236, -9.0712, 0.0098
2025-03-05 02:34:29.011791, 320, 240, 6.4970, -0.0005, -0.0138, 0.0000, 0.3236, -9.0712, 0.0098
2025-03-05 02:34:29.078623, 320, 240, 6.4970, 0.0016, -0.0085, 0.0021, 0.3040, -9.0712, 0.0098
2025-03-05 02:34:29.111941, 320, 240, 5.9750, 0.0043, -0.0064, -0.0016, 0.3040, -9.0515, 0.0098
2025-03-05 02:34:29.176943, 320, 240, 7.2500, 0.0037, -0.0091, 0.0005, 0.3040, -9.0908, 0.0098
2025-03-05 02:34:29.212004, 320, 240, 6.7560, -0.0043, -0.0037, 0.0037, 0.3040, -9.0712, 0.0098
2025-03-05 02:34:29.279000, 320, 240, 6.8330, -0.0016, -0.0123, 0.0032, 0.3040, -9.0712, 0.0294
2025-03-05 02:34:29.378627, 320, 240, 7.1200, -0.0005, -0.0048, 0.0016, 0.3236, -9.0712, 0.0098
2025-03-05 02:34:29.411928, 320, 240, 6.7170, 0.0027, -0.0123, 0.0032, 0.3236, -9.0712, 0.0294
2025-03-05 02:34:29.478593, 320, 240, 6.8330, 0.0021, -0.0080, 0.0032, 0.3040, -9.0712, 0.0000
2025-03-05 02:34:29.512365, 320, 240, 6.7560, 0.0043, -0.0128, 0.0000, 0.3040, -9.0712, 0.0098
2025-03-05 02:34:29.579220, 320, 240, 6.7560, 0.0027, -0.0085, 0.0037, 0.3040, -9.0712, 0.0294
2025-03-05 02:34:29.612791, 320, 240, 6.7560, 0.0000, -0.0085, 0.0032, 0.3236, -9.0712, 0.0294
2025-03-05 02:34:29.678974, 320, 240, 6.9130, 0.0005, -0.0096, 0.0064, 0.3040, -9.0712, 0.0098
2025-03-05 02:34:29.712526, 320, 240, 6.8330, -0.0005, -0.0085, 0.0011, 0.3040, -9.0712, 0.0098
2025-03-05 02:34:29.779621, 320, 240, 7.4780, -0.0005, -0.0064, -0.0005, 0.3040, -9.0712, 0.0294
2025-03-05 02:34:29.813080, 320, 240, 6.6420, -0.0021, -0.0080, -0.0005, 0.3236, -9.0712, 0.0098
2025-03-05 02:34:29.879140, 320, 240, 6.5690, 0.0011, -0.0117, 0.0005, 0.3236, -9.0712, 0.0098
2025-03-05 02:34:29.912624, 320, 240, 6.8330, -0.0011, -0.0032, 0.0064, 0.3040, -9.0712, 0.0294
2025-03-05 02:34:29.978733, 320, 240, 6.2910, -0.0032, -0.0085, 0.0000, 0.3236, -9.0515, 0.0000
2025-03-05 02:34:30.012659, 320, 240, 6.6420, -0.0016, -0.0112, 0.0032, 0.3040, -9.0712, 0.0098
2025-03-05 02:34:30.078906, 320, 240, 7.3850, 0.0000, -0.0064, 0.0021, 0.3236, -9.0908, 0.0000
2025-03-05 02:34:30.112703, 320, 240, 7.2060, 0.0005, -0.0043, 0.0000, 0.3040, -9.0712, 0.0098
2025-03-05 02:34:30.178020, 320, 240, 6.6800, -0.0021, -0.0043, 0.0032, 0.3040, -9.0712, 0.0098
2025-03-05 02:34:30.212593, 320, 240, 6.6800, -0.0011, -0.0069, 0.0053, 0.3236, -9.0712, 0.0098
2025-03-05 02:34:30.279321, 320, 240, 6.8730, -0.0021, -0.0069, -0.0005, 0.3236, -9.0712, -0.0098
2025-03-05 02:34:30.312927, 320, 240, 6.7560, -0.0016, -0.0085, 0.0043, 0.3236, -9.0908, 0.0098
2025-03-05 02:34:30.379877, 320, 240, 6.5690, 0.0032, -0.0048, 0.0016, 0.3236, -9.0712, 0.0000
2025-03-05 02:34:30.445823, 320, 240, 6.3580, 0.0000, -0.0037, 0.0027, 0.3236, -9.0712, 0.0098
2025-03-05 02:34:30.479851, 320, 240, 6.8730, 0.0005, -0.0069, 0.0011, 0.3040, -9.0712, 0.0000
2025-03-05 02:34:30.545695, 320, 240, 6.5690, -0.0016, -0.0032, 0.0011, 0.3040, -9.0712, 0.0294
2025-03-05 02:34:30.578505, 320, 240, 7.0350, -0.0016, -0.0075, 0.0016, 0.3236, -9.0712, 0.0000
2025-03-05 02:34:30.646618, 320, 240, 7.0350, -0.0037, -0.0091, -0.0037, 0.3040, -9.0712, 0.0098
2025-03-05 02:34:31.013493, 320, 240, 6.9530, 0.0016, -0.0043, 0.0037, 0.3040, -9.0712, 0.0098
2025-03-05 02:34:31.046841, 320, 240, 6.7170, 0.0000, -0.0085, 0.0043, 0.3236, -9.0712, 0.0098
2025-03-05 02:34:31.178837, 320, 240, 6.9940, -0.0016, -0.0112, 0.0016, 0.3236, -9.0712, 0.0098
2025-03-05 02:34:31.280434, 320, 240, 6.1290, 0.0005, -0.0085, -0.0005, 0.3040, -9.0515, 0.0098
2025-03-05 02:34:31.347018, 320, 240, 6.8330, 0.0000, -0.0085, 0.0075, 0.3040, -9.0712, 0.0098
2025-03-05 02:34:31.380587, 320, 240, 6.8330, 0.0011, -0.0059, -0.0027, 0.3236, -9.0712, 0.0098
2025-03-05 02:34:31.447130, 320, 240, 6.6800, 0.0059, 0.0005, 0.0027, 0.3236, -9.0712, 0.0098
2025-03-05 02:34:31.480787, 320, 240, 7.0350, 0.0005, -0.0075, 0.0011, 0.3236, -9.0712, 0.0294
2025-03-05 02:34:31.545662, 320, 240, 6.5690, 0.0027, -0.0101, 0.0032, 0.3236, -9.0712, 0.0294
2025-03-05 02:34:33.682867, 320, 240, 6.7170, -0.0016, -0.0075, 0.0000, 0.3040, -9.0515, 0.0294
2025-03-05 02:34:33.714372, 320, 240, 6.6800, -0.0027, -0.0091, 0.0032, 0.3236, -9.0712, 0.0098
2025-03-05 02:34:33.982513, 320, 240, 6.5330, 0.0011, -0.0096, -0.0016, 0.3040, -9.0712, 0.0098
2025-03-05 02:34:34.015452, 320, 240, 6.4620, -0.0016, -0.0064, 0.0016, 0.3040, -9.0712, 0.0098
2025-03-05 02:34:34.483594, 320, 240, 6.8330, 0.0016, -0.0059, -0.0016, 0.3236, -9.0712, 0.0098
2025-03-05 02:34:34.516726, 320, 240, 6.6800, -0.0016, -0.0096, 0.0021, 0.3236, -9.0712, 0.0294
2025-03-05 02:34:34.582335, 320, 240, 6.7560, 0.0016, -0.0091, 0.0021, 0.3236, -9.0515, 0.0098
2025-03-05 02:34:34.617394, 320, 240, 6.4970, -0.0021, -0.0091, -0.0016, 0.3040, -9.0712, 0.0294
2025-03-05 02:34:34.683718, 320, 240, 6.1610, -0.0021, -0.0075, 0.0037, 0.3040, -9.0712, 0.0098
2025-03-05 02:34:34.751359, 320, 240, 6.6800, -0.0011, -0.0043, 0.0027, 0.3236, -9.0712, 0.0098
2025-03-05 02:34:34.783013, 320, 240, 6.7170, 0.0000, -0.0059, 0.0075, 0.3236, -9.0712, 0.0294
2025-03-05 02:34:35.016997, 320, 240, 6.7940, 0.0011, -0.0096, 0.0032, 0.3236, -9.0712, 0.0098
2025-03-05 02:34:35.050913, 320, 240, 6.7170, -0.0016, -0.0037, 0.0005, 0.3236, -9.0712, 0.0098
2025-03-05 02:34:35.117472, 320, 240, 6.2580, -0.0005, -0.0085, 0.0037, 0.3040, -9.0515, 0.0098
2025-03-05 02:34:35.150801, 320, 240, 6.0660, -0.0011, -0.0059, 0.0048, 0.3040, -9.0712, 0.0098
2025-03-05 02:34:35.217651, 320, 240, 6.3580, 0.0021, -0.0091, 0.0021, 0.3236, -9.0712, 0.0294
2025-03-05 02:34:35.250882, 320, 240, 6.6800, -0.0011, -0.0112, 0.0032, 0.3236, -9.0712, 0.0098
2025-03-05 02:34:35.450904, 320, 240, 6.8730, -0.0016, -0.0064, 0.0000, 0.3236, -9.0712, 0.0098
2025-03-05 02:34:35.517894, 320, 240, 6.8730, 0.0000, -0.0064, 0.0021, 0.3040, -9.0712, 0.0098
2025-03-05 02:34:35.550667, 320, 240, 6.8330, 0.0000, -0.0043, -0.0011, 0.3040, -9.0515, 0.0000
2025-03-05 02:34:35.617569, 320, 240, 6.6060, 0.0000, -0.0064, 0.0037, 0.3040, -9.0712, 0.0000
2025-03-05 02:34:35.651432, 320, 240, 6.5690, -0.0037, -0.0085, 0.0048, 0.3040, -9.0712, 0.0098
2025-03-05 02:34:35.951456, 320, 240, 6.6060, -0.0016, -0.0059, 0.0075, 0.3040, -9.0712, 0.0098
2025-03-05 02:34:35.985436, 320, 240, 6.6420, 0.0011, -0.0027, 0.0027, 0.3040, -9.0712, 0.0098
2025-03-05 02:34:36.050813, 320, 240, 6.6420, 0.0005, -0.0112, 0.0000, 0.3236, -9.0712, 0.0098
2025-03-05 02:34:41.923951, 320, 240, 6.8730, -0.0005, -0.0091, -0.0005, 0.3236, -9.0712, 0.0294
2025-03-05 02:34:41.955535, 320, 240, 7.3850, 0.0021, -0.0048, 0.0048, 0.3040, -9.0908, 0.0098
2025-03-05 02:34:44.526336, 320, 240, 6.7560, -0.0011, -0.0037, 0.0005, 0.3040, -9.0712, 0.0294
2025-03-05 02:34:44.558118, 320, 240, 6.4620, 0.0027, -0.0048, 0.0011, 0.3236, -9.0712, 0.0294
2025-03-05 02:34:44.626298, 320, 240, 6.8730, 0.0037, -0.0112, 0.0000, 0.3236, -9.0712, 0.0294
2025-03-05 02:34:44.660028, 320, 240, 6.7170, 0.0005, -0.0069, 0.0016, 0.3040, -9.0712, 0.0098
2025-03-05 02:34:44.727099, 320, 240, 6.7560, 0.0048, -0.0053, 0.0043, 0.3236, -9.0712, 0.0294
2025-03-05 02:34:45.059622, 320, 240, 6.6800, -0.0021, -0.0059, -0.0011, 0.3040, -9.0908, 0.0294
2025-03-05 02:34:45.093470, 320, 240, 6.4620, 0.0000, -0.0064, 0.0016, 0.3236, -9.0515, 0.0098
2025-03-05 02:34:45.160305, 320, 240, 7.2060, 0.0016, -0.0069, 0.0059, 0.3236, -9.0712, 0.0294
2025-03-05 02:34:45.193668, 320, 240, 7.0770, -0.0027, -0.0091, 0.0037, 0.3040, -9.0515, 0.0294
2025-03-05 02:34:45.260775, 320, 240, 6.6800, 0.0000, -0.0080, 0.0048, 0.3236, -9.0712, 0.0098
2025-03-05 02:34:45.293930, 320, 240, 6.9940, -0.0037, -0.0117, 0.0048, 0.3236, -9.0712, 0.0294
2025-03-05 02:34:45.359854, 320, 240, 6.6060, -0.0011, -0.0085, 0.0032, 0.3040, -9.0712, 0.0294
2025-03-05 02:34:45.393662, 320, 240, 6.7560, 0.0037, -0.0053, 0.0048, 0.3040, -9.0712, 0.0294
2025-03-05 02:34:45.459795, 320, 240, 6.6800, 0.0021, -0.0075, 0.0037, 0.3236, -9.0515, 0.0098
2025-03-05 02:34:45.493861, 320, 240, 6.8330, -0.0043, -0.0053, 0.0016, 0.3040, -9.0712, 0.0098
2025-03-05 02:34:45.559131, 320, 240, 6.8330, -0.0005, -0.0096, 0.0064, 0.3236, -9.0712, 0.0294
2025-03-05 02:34:45.660374, 320, 240, 6.6420, 0.0005, -0.0080, 0.0016, 0.3040, -9.0712, 0.0098
2025-03-05 02:34:45.694030, 320, 240, 6.7170, 0.0011, -0.0107, 0.0027, 0.3040, -9.0515, 0.0098
2025-03-05 02:34:45.760881, 320, 240, 6.8330, -0.0005, -0.0064, 0.0043, 0.3040, -9.0515, 0.0098
2025-03-05 02:34:45.794353, 320, 240, 6.9130, 0.0011, -0.0043, 0.0043, 0.3236, -9.0712, 0.0294
2025-03-05 02:34:45.860818, 320, 240, 6.7560, -0.0043, -0.0043, 0.0032, 0.3040, -9.0908, 0.0098
2025-03-05 02:34:45.894514, 320, 240, 7.2060, -0.0021, -0.0043, 0.0037, 0.3236, -9.0515, 0.0098
2025-03-05 02:34:45.960840, 320, 240, 6.7940, 0.0016, -0.0032, 0.0016, 0.3236, -9.0712, 0.0098
2025-03-05 02:34:45.994292, 320, 240, 6.6060, -0.0016, -0.0101, 0.0032, 0.3040, -9.0908, 0.0098
2025-03-05 02:34:46.061054, 320, 240, 6.8730, 0.0000, -0.0112, 0.0021, 0.3236, -9.0712, 0.0000
2025-03-05 02:34:46.094276, 320, 240, 6.7560, 0.0037, -0.0016, 0.0011, 0.3040, -9.0515, 0.0098
2025-03-05 02:34:46.161097, 320, 240, 6.7940, -0.0005, -0.0032, 0.0037, 0.3040, -9.0712, 0.0098
2025-03-05 02:34:46.194493, 320, 240, 6.7940, -0.0016, -0.0075, -0.0005, 0.3040, -9.0712, 0.0098
2025-03-05 02:34:46.261143, 320, 240, 7.1200, 0.0000, -0.0101, 0.0027, 0.3040, -9.0515, 0.0294
2025-03-05 02:34:46.294556, 320, 240, 7.0770, -0.0005, -0.0085, 0.0048, 0.3040, -9.0712, 0.0294
2025-03-05 02:34:46.361031, 320, 240, 6.7940, 0.0005, -0.0112, -0.0005, 0.3236, -9.0712, 0.0294
2025-03-05 02:34:46.394595, 320, 240, 6.8730, 0.0000, -0.0107, -0.0011, 0.3236, -9.0712, 0.0098
2025-03-05 02:34:46.628577, 320, 240, 6.8330, -0.0043, -0.0096, 0.0064, 0.3040, -9.0712, 0.0294
2025-03-05 02:34:46.695077, 320, 240, 6.9940, 0.0000, -0.0037, 0.0027, 0.3236, -9.0908, 0.0098
2025-03-05 02:34:46.728757, 320, 240, 6.2580, 0.0005, -0.0101, -0.0016, 0.3236, -9.0712, 0.0098
2025-03-05 02:34:46.794784, 320, 240, 6.5330, -0.0016, -0.0064, 0.0053, 0.3040, -9.0712, 0.0294
2025-03-05 02:34:46.828665, 320, 240, 6.6800, 0.0027, -0.0085, 0.0053, 0.3236, -9.0712, 0.0294
2025-03-05 02:34:46.895055, 320, 240, 6.7170, -0.0005, -0.0096, 0.0043, 0.3236, -9.0712, 0.0000
2025-03-05 02:34:46.928693, 320, 240, 6.7170, -0.0021, -0.0048, 0.0016, 0.3236, -9.0712, 0.0098
2025-03-05 02:34:46.995311, 320, 240, 6.7560, -0.0005, -0.0075, 0.0021, 0.3236, -9.0712, 0.0294
2025-03-05 02:34:47.095977, 320, 240, 6.6800, 0.0005, -0.0096, 0.0032, 0.3236, -9.0712, 0.0098
2025-03-05 02:34:47.128764, 320, 240, 6.6060, -0.0021, -0.0096, 0.0064, 0.3236, -9.0515, 0.0098
2025-03-05 02:34:47.195553, 320, 240, 6.6800, -0.0005, -0.0101, 0.0021, 0.3040, -9.0712, 0.0098
2025-03-05 02:34:47.228846, 320, 240, 6.8330, 0.0032, -0.0037, 0.0032, 0.3236, -9.0712, 0.0098
2025-03-05 02:34:47.295341, 320, 240, 6.7170, 0.0032, -0.0075, 0.0037, 0.3040, -9.0712, 0.0098
2025-03-05 02:34:47.329021, 320, 240, 6.6800, -0.0005, -0.0123, 0.0021, 0.3236, -9.0908, 0.0294
2025-03-05 02:34:47.395520, 320, 240, 6.7560, 0.0005, -0.0059, 0.0064, 0.3040, -9.0712, 0.0098
2025-03-05 02:34:47.429026, 320, 240, 6.7170, -0.0037, -0.0101, 0.0043, 0.3236, -9.0712, 0.0294
2025-03-05 02:34:47.495478, 320, 240, 6.7560, 0.0011, -0.0069, 0.0043, 0.3236, -9.0712, 0.0294
2025-03-05 02:34:47.629262, 320, 240, 6.8330, -0.0016, -0.0043, 0.0011, 0.3236, -9.0908, 0.0098
2025-03-05 02:34:47.662797, 320, 240, 6.7170, 0.0011, -0.0037, 0.0059, 0.3236, -9.0712, 0.0294
2025-03-05 02:34:47.729117, 320, 240, 6.7170, 0.0011, -0.0069, -0.0011, 0.3040, -9.0712, 0.0294
2025-03-05 02:34:47.762890, 320, 240, 6.6800, -0.0032, -0.0133, 0.0005, 0.3236, -9.0515, 0.0294
2025-03-05 02:34:47.829314, 320, 240, 6.9130, 0.0005, -0.0053, 0.0016, 0.3236, -9.0712, 0.0098
2025-03-05 02:34:47.862692, 320, 240, 6.8730, -0.0011, -0.0075, 0.0027, 0.3040, -9.0515, 0.0098
2025-03-05 02:34:47.929223, 320, 240, 6.7940, 0.0000, -0.0123, -0.0011, 0.3040, -9.0908, 0.0294
2025-03-05 02:34:47.962819, 320, 240, 6.9530, 0.0005, -0.0080, 0.0000, 0.3236, -9.0712, 0.0294
2025-03-05 02:34:48.163112, 320, 240, 6.9530, 0.0037, -0.0080, -0.0005, 0.3040, -9.0712, 0.0098
2025-03-05 02:34:48.197036, 320, 240, 6.8730, -0.0032, -0.0091, 0.0085, 0.3236, -9.0908, 0.0294
2025-03-05 02:34:48.261663, 320, 240, 6.7560, 0.0021, -0.0123, 0.0043, 0.3040, -9.0908, 0.0098
2025-03-05 02:34:48.296645, 320, 240, 6.1610, 0.0048, -0.0075, 0.0016, 0.3040, -9.0712, 0.0098
2025-03-05 02:34:48.361521, 320, 240, 6.9530, -0.0027, -0.0064, 0.0043, 0.3236, -9.0712, 0.0098
2025-03-05 02:34:48.394833, 320, 240, 6.7940, 0.0005, -0.0059, -0.0011, 0.3040, -9.0712, 0.0294
2025-03-05 02:34:48.463054, 320, 240, 6.6060, -0.0016, -0.0011, 0.0037, 0.3236, -9.0712, 0.0294
2025-03-05 02:34:48.496677, 320, 240, 6.7170, -0.0016, -0.0032, 0.0037, 0.3236, -9.0712, 0.0294
2025-03-05 02:34:48.561816, 320, 240, 6.7560, 0.0005, -0.0069, 0.0021, 0.3236, -9.0908, 0.0098
2025-03-05 02:34:48.595828, 320, 240, 6.7170, 0.0027, -0.0075, -0.0021, 0.3236, -9.0712, 0.0294
2025-03-05 02:34:48.663300, 320, 240, 6.7560, -0.0027, -0.0064, 0.0027, 0.3236, -9.0712, 0.0294
2025-03-05 02:34:48.696868, 320, 240, 6.8330, -0.0037, -0.0085, 0.0027, 0.3236, -9.0712, 0.0098
2025-03-05 02:34:48.763872, 320, 240, 6.5330, 0.0011, -0.0075, 0.0005, 0.3040, -9.0712, 0.0098
2025-03-05 02:34:48.797344, 320, 240, 6.9130, 0.0005, -0.0043, 0.0021, 0.3236, -9.0712, 0.0098
2025-03-05 02:34:48.863689, 320, 240, 6.6800, -0.0037, -0.0133, 0.0027, 0.3236, -9.0908, 0.0294
2025-03-05 02:34:48.897428, 320, 240, 6.6800, 0.0032, -0.0069, -0.0011, 0.3236, -9.0712, 0.0098
2025-03-05 02:34:48.963843, 320, 240, 6.8730, 0.0000, -0.0085, 0.0053, 0.3236, -9.0712, 0.0294
2025-03-05 02:34:48.997118, 320, 240, 6.9530, 0.0021, -0.0059, 0.0037, 0.3040, -9.0712, 0.0098
2025-03-05 02:34:49.063763, 320, 240, 6.7170, -0.0011, -0.0069, 0.0021, 0.3236, -9.0712, 0.0294
2025-03-05 02:34:49.130681, 320, 240, 6.5330, 0.0011, -0.0027, 0.0005, 0.3236, -9.0712, 0.0098
2025-03-05 02:34:49.163729, 320, 240, 6.4970, -0.0011, -0.0053, 0.0011, 0.3040, -9.0712, 0.0098
2025-03-05 02:34:49.229859, 320, 240, 6.7170, 0.0032, -0.0037, 0.0016, 0.3236, -9.0712, 0.0294
2025-03-05 02:34:49.264161, 320, 240, 6.2910, 0.0000, -0.0117, 0.0053, 0.3236, -9.0712, 0.0294
2025-03-05 02:34:49.330960, 320, 240, 6.1610, -0.0005, -0.0053, 0.0011, 0.3040, -9.0712, 0.0098
2025-03-05 02:34:49.364308, 320, 240, 6.8330, 0.0005, -0.0101, 0.0069, 0.3236, -9.0712, 0.0098
2025-03-05 02:34:49.431007, 320, 240, 6.6800, 0.0027, -0.0032, 0.0027, 0.3236, -9.0712, 0.0294
2025-03-05 02:34:49.464405, 320, 240, 6.6800, -0.0005, -0.0112, 0.0016, 0.3236, -9.0712, 0.0294
2025-03-05 02:34:49.530332, 320, 240, 6.6800, 0.0059, -0.0032, 0.0021, 0.3040, -9.0712, 0.0098
2025-03-05 02:34:49.562833, 320, 240, 6.6060, 0.0011, -0.0064, 0.0037, 0.3236, -9.0712, 0.0098
2025-03-05 02:34:49.631192, 320, 240, 6.7560, -0.0043, -0.0101, 0.0027, 0.3040, -9.0712, 0.0098
2025-03-05 02:34:49.731308, 320, 240, 7.3390, 0.0005, -0.0053, 0.0048, 0.3040, -9.0712, 0.0098
2025-03-05 02:34:49.764565, 320, 240, 6.8330, 0.0005, -0.0069, 0.0043, 0.3236, -9.0712, 0.0294
2025-03-05 02:34:49.831846, 320, 240, 6.7170, -0.0011, -0.0080, 0.0032, 0.3236, -9.0712, 0.0098
2025-03-05 02:34:49.864494, 320, 240, 6.6420, -0.0005, -0.0064, 0.0032, 0.3040, -9.0712, 0.0294
2025-03-05 02:34:49.931313, 320, 240, 7.0770, -0.0016, -0.0059, -0.0027, 0.3236, -9.0712, 0.0098
2025-03-05 02:34:49.964684, 320, 240, 6.4620, 0.0021, -0.0043, 0.0027, 0.3236, -9.0712, 0.0098
2025-03-05 02:34:50.031312, 320, 240, 6.8330, -0.0005, -0.0043, 0.0053, 0.3040, -9.0712, 0.0294
2025-03-05 02:34:50.097801, 320, 240, 6.7170, 0.0000, -0.0080, 0.0011, 0.3236, -9.0712, 0.0000
2025-03-05 02:34:50.164505, 320, 240, 6.9130, 0.0005, -0.0080, 0.0037, 0.3236, -9.0712, 0.0294
2025-03-05 02:34:50.230997, 320, 240, 6.5330, 0.0016, -0.0059, 0.0011, 0.3236, -9.0712, 0.0294
2025-03-05 02:34:50.265127, 320, 240, 6.9940, -0.0043, -0.0091, 0.0037, 0.3236, -9.0712, 0.0098
2025-03-05 02:34:50.331730, 320, 240, 6.7940, -0.0027, -0.0096, 0.0011, 0.3040, -9.0712, 0.0098
2025-03-05 02:34:50.865407, 320, 240, 6.6420, -0.0027, -0.0043, 0.0059, 0.3236, -9.0712, 0.0294
2025-03-05 02:34:50.899139, 320, 240, 6.7560, -0.0032, -0.0064, 0.0053, 0.3040, -9.0712, 0.0294
2025-03-05 02:34:50.965466, 320, 240, 6.7560, 0.0000, -0.0091, 0.0027, 0.3040, -9.0908, 0.0098
2025-03-05 02:34:50.999141, 320, 240, 6.8730, -0.0005, -0.0037, 0.0021, 0.3236, -9.0712, 0.0294
2025-03-05 02:34:51.065577, 320, 240, 6.7560, 0.0027, -0.0064, 0.0011, 0.3040, -9.0712, 0.0098
2025-03-05 02:34:54.468792, 320, 240, 6.5690, 0.0027, -0.0037, 0.0016, 0.3236, -9.0712, 0.0098
2025-03-05 02:34:54.500607, 320, 240, 6.7170, 0.0016, -0.0075, 0.0048, 0.3040, -9.0712, 0.0098
2025-03-05 02:34:54.568923, 320, 240, 6.7170, -0.0005, -0.0053, 0.0005, 0.3236, -9.0712, 0.0098
2025-03-05 02:34:54.635788, 320, 240, 6.8330, 0.0000, -0.0091, 0.0000, 0.3236, -9.0515, 0.0098
2025-03-05 02:34:54.669285, 320, 240, 6.6420, 0.0000, -0.0112, -0.0021, 0.3236, -9.0712, 0.0098
2025-03-05 02:34:54.735880, 320, 240, 7.3850, 0.0016, -0.0048, 0.0027, 0.3236, -9.0712, 0.0098
2025-03-05 02:34:54.769212, 320, 240, 6.8330, -0.0011, -0.0064, 0.0037, 0.3236, -9.0712, 0.0098
2025-03-05 02:34:54.835574, 320, 240, 6.6800, -0.0011, -0.0043, 0.0000, 0.2844, -9.0712, 0.0000
2025-03-05 02:34:54.869111, 320, 240, 6.6800, 0.0043, -0.0043, 0.0016, 0.3040, -9.0712, 0.0000
2025-03-05 02:34:54.934874, 320, 240, 6.6800, 0.0005, -0.0075, 0.0011, 0.3040, -9.0712, 0.0098
2025-03-05 02:34:54.969413, 320, 240, 6.2910, 0.0011, -0.0037, 0.0021, 0.3236, -9.0515, 0.0098
2025-03-05 02:34:55.035898, 320, 240, 6.7560, -0.0016, -0.0059, 0.0011, 0.3040, -9.0712, 0.0000
2025-03-05 02:34:55.069300, 320, 240, 6.6800, -0.0043, -0.0096, 0.0021, 0.3236, -9.0712, 0.0098
2025-03-05 02:34:55.136062, 320, 240, 6.2250, 0.0000, -0.0107, 0.0037, 0.3236, -9.0712, 0.0098
2025-03-05 02:34:55.169400, 320, 240, 6.6060, 0.0032, -0.0059, 0.0064, 0.3236, -9.0712, 0.0294
2025-03-05 02:34:55.236422, 320, 240, 6.5690, -0.0021, -0.0069, 0.0016, 0.3236, -9.0712, 0.0098
2025-03-05 02:34:55.269627, 320, 240, 6.4970, 0.0043, -0.0016, -0.0016, 0.3040, -9.0908, 0.0000
2025-03-05 02:34:55.336424, 320, 240, 6.6060, -0.0016, -0.0075, 0.0027, 0.3040, -9.0908, 0.0294
2025-03-05 02:34:55.369872, 320, 240, 6.8330, -0.0021, -0.0032, 0.0053, 0.3040, -9.0712, 0.0098
2025-03-05 02:34:55.436373, 320, 240, 6.8330, -0.0027, -0.0085, 0.0037, 0.3236, -9.0712, 0.0098
2025-03-05 02:34:55.469769, 320, 240, 6.2580, 0.0016, -0.0080, 0.0032, 0.3236, -9.0712, 0.0098
2025-03-05 02:34:55.536167, 320, 240, 6.5690, 0.0027, -0.0069, 0.0032, 0.3040, -9.0712, 0.0098
2025-03-05 02:34:55.569744, 320, 240, 6.6800, -0.0016, -0.0059, -0.0005, 0.3236, -9.0712, 0.0294
2025-03-05 02:34:55.636338, 320, 240, 6.7560, -0.0021, -0.0069, 0.0037, 0.3236, -9.0712, 0.0098
2025-03-05 02:34:55.669841, 320, 240, 6.7170, -0.0011, -0.0080, 0.0037, 0.3236, -9.0712, 0.0098
2025-03-05 02:34:55.736702, 320, 240, 6.9530, 0.0021, -0.0085, 0.0032, 0.3040, -9.0712, 0.0000
2025-03-05 02:34:55.769937, 320, 240, 6.8730, -0.0021, -0.0064, -0.0027, 0.3040, -9.0712, 0.0000
2025-03-05 02:34:55.837126, 320, 240, 6.4970, -0.0005, -0.0048, 0.0053, 0.3236, -9.0712, 0.0098
2025-03-05 02:34:55.870399, 320, 240, 6.2580, 0.0000, -0.0091, 0.0000, 0.3236, -9.0515, 0.0098
2025-03-05 02:34:55.937002, 320, 240, 7.5250, 0.0011, -0.0107, 0.0037, 0.3040, -9.0712, 0.0098
2025-03-05 02:34:55.970444, 320, 240, 6.7560, 0.0000, -0.0085, 0.0000, 0.3040, -9.0712, 0.0000
2025-03-05 02:34:56.036984, 320, 240, 6.7560, 0.0032, -0.0021, -0.0021, 0.3040, -9.0908, 0.0098
2025-03-05 02:34:56.070211, 320, 240, 6.6800, 0.0000, -0.0053, 0.0043, 0.3236, -9.0712, 0.0098
2025-03-05 02:34:56.137250, 320, 240, 6.6800, -0.0043, -0.0069, 0.0064, 0.3040, -9.0712, 0.0294
2025-03-05 02:34:56.170638, 320, 240, 6.7170, 0.0016, -0.0064, 0.0064, 0.3040, -9.0712, 0.0098
2025-03-05 02:34:56.237156, 320, 240, 6.7560, 0.0005, -0.0064, 0.0053, 0.3236, -9.0712, 0.0098
2025-03-05 02:34:57.071330, 320, 240, 6.1290, -0.0032, -0.0043, -0.0005, 0.3236, -9.0712, 0.0098
2025-03-05 02:34:57.104619, 320, 240, 7.0770, -0.0021, -0.0128, 0.0021, 0.3236, -9.0712, 0.0098
2025-03-05 02:34:57.171396, 320, 240, 6.7170, -0.0011, -0.0064, 0.0016, 0.3236, -9.0712, 0.0098
2025-03-05 02:35:03.740620, 320, 240, 6.8730, -0.0027, -0.0053, 0.0037, 0.3040, -9.0712, 0.0098
2025-03-05 02:35:03.771918, 320, 240, 6.6800, -0.0027, -0.0091, 0.0037, 0.3236, -9.0712, 0.0098
2025-03-05 02:35:04.070316, 320, 240, 6.8330, 0.0021, -0.0080, 0.0021, 0.3040, -9.0712, 0.0098
2025-03-05 02:35:04.103308, 320, 240, 6.7560, -0.0016, -0.0075, 0.0037, 0.3236, -9.0712, 0.0000
2025-03-05 02:35:04.168692, 320, 240, 6.4620, 0.0000, -0.0075, 0.0005, 0.3236, -9.0712, 0.0098
2025-03-05 02:35:04.202157, 320, 240, 6.6800, 0.0016, -0.0080, 0.0027, 0.3040, -9.0712, 0.0098
2025-03-05 02:35:04.433150, 320, 240, 6.6060, -0.0016, -0.0107, 0.0043, 0.3236, -9.0712, 0.0098
2025-03-05 02:35:04.466343, 320, 240, 6.6800, 0.0069, -0.0027, 0.0021, 0.3040, -9.0712, 0.0098
2025-03-05 02:35:04.531119, 320, 240, 6.8730, -0.0027, -0.0112, 0.0048, 0.3236, -9.0712, 0.0098
2025-03-05 02:35:04.565254, 320, 240, 6.6800, -0.0005, -0.0043, 0.0005, 0.3040, -9.0712, 0.0000
2025-03-05 02:35:04.630411, 320, 240, 6.7560, 0.0000, -0.0064, 0.0005, 0.3236, -9.0712, 0.0000
2025-03-05 02:35:04.664238, 320, 240, 6.8330, -0.0027, -0.0053, 0.0043, 0.3236, -9.0712, 0.0098
2025-03-05 02:35:04.730357, 320, 240, 6.6800, -0.0037, -0.0032, 0.0037, 0.3040, -9.0712, 0.0000
2025-03-05 02:35:04.762262, 320, 240, 6.6060, -0.0005, -0.0107, 0.0043, 0.3236, -9.0908, 0.0098
2025-03-05 02:35:04.828838, 320, 240, 6.6420, 0.0021, -0.0069, 0.0011, 0.3236, -9.0712, 0.0098
2025-03-05 02:35:04.862147, 320, 240, 6.6800, 0.0000, -0.0064, 0.0032, 0.3040, -9.0712, 0.0098
2025-03-05 02:35:04.928055, 320, 240, 6.3580, 0.0011, -0.0085, 0.0037, 0.3236, -9.0712, 0.0294
2025-03-05 02:35:04.993704, 320, 240, 6.3920, -0.0032, -0.0075, 0.0048, 0.3236, -9.0712, 0.0098
2025-03-05 02:35:05.027206, 320, 240, 6.9530, 0.0005, -0.0069, 0.0021, 0.3040, -9.0712, 0.0098
2025-03-05 02:35:05.093734, 320, 240, 6.7560, -0.0037, -0.0021, 0.0011, 0.3040, -9.0908, 0.0294
2025-03-05 02:35:05.126495, 320, 240, 6.7560, 0.0032, -0.0112, -0.0016, 0.3040, -9.0712, 0.0098
2025-03-05 02:35:05.192752, 320, 240, 6.9130, 0.0053, -0.0053, 0.0037, 0.3040, -9.0712, 0.0098
2025-03-05 02:35:05.225620, 320, 240, 6.6420, 0.0011, -0.0053, 0.0053, 0.3236, -9.0712, 0.0000
2025-03-05 02:35:05.291204, 320, 240, 6.6800, 0.0011, -0.0021, -0.0011, 0.3236, -9.0712, 0.0098
2025-03-05 02:35:05.324132, 320, 240, 6.8330, -0.0021, -0.0091, 0.0005, 0.3040, -9.0712, 0.0098
2025-03-05 02:35:05.390608, 320, 240, 6.3580, 0.0037, -0.0027, 0.0011, 0.3236, -9.0515, 0.0098
2025-03-05 02:35:05.423676, 320, 240, 6.5690, -0.0016, -0.0091, 0.0048, 0.3040, -9.0908, 0.0098
2025-03-05 02:35:05.489881, 320, 240, 6.8730, -0.0011, -0.0064, 0.0043, 0.3040, -9.0712, 0.0098
2025-03-05 02:35:05.522955, 320, 240, 6.7170, -0.0048, -0.0123, 0.0043, 0.3040, -9.0712, 0.0098
2025-03-05 02:35:05.588890, 320, 240, 6.6800, -0.0027, -0.0091, -0.0005, 0.3236, -9.0712, 0.0294
2025-03-05 02:35:05.620349, 320, 240, 6.4620, -0.0037, -0.0080, -0.0005, 0.3236, -9.0712, 0.0000
2025-03-05 02:35:05.688305, 320, 240, 6.9940, 0.0011, -0.0075, 0.0032, 0.3236, -9.0712, 0.0294
2025-03-05 02:35:05.721021, 320, 240, 6.6060, -0.0032, -0.0091, 0.0059, 0.3040, -9.0712, 0.0294
2025-03-05 02:35:05.786110, 320, 240, 6.7170, -0.0053, -0.0075, 0.0037, 0.3040, -9.0712, 0.0000
2025-03-05 02:35:05.820346, 320, 240, 6.6420, -0.0011, -0.0096, 0.0005, 0.3040, -9.0712, 0.0098
2025-03-05 02:35:05.886013, 320, 240, 7.5250, 0.0005, -0.0043, 0.0053, 0.3236, -9.0712, 0.0098
2025-03-05 02:35:05.919163, 320, 240, 6.8330, -0.0021, -0.0043, 0.0000, 0.3040, -9.0908, 0.0294
2025-03-05 02:35:05.985293, 320, 240, 6.9530, -0.0011, -0.0101, -0.0005, 0.3040, -9.0712, 0.0098
2025-03-05 02:35:06.018437, 320, 240, 6.8730, -0.0032, -0.0096, 0.0037, 0.3236, -9.0712, 0.0098
2025-03-05 02:35:06.084474, 320, 240, 6.5330, 0.0027, -0.0096, 0.0016, 0.3236, -9.0908, 0.0098
2025-03-05 02:35:06.117623, 320, 240, 7.3390, -0.0005, -0.0091, 0.0016, 0.3236, -9.0515, 0.0294
2025-03-05 02:35:06.183854, 320, 240, 6.7560, -0.0016, -0.0043, 0.0027, 0.3040, -9.0908, 0.0098
2025-03-05 02:35:06.217181, 320, 240, 6.6060, 0.0016, -0.0080, 0.0000, 0.3236, -9.0712, 0.0000
2025-03-05 02:35:06.283056, 320, 240, 6.5690, -0.0005, -0.0069, 0.0037, 0.3040, -9.0712, 0.0098
2025-03-05 02:35:06.316261, 320, 240, 6.6060, 0.0005, -0.0080, 0.0032, 0.3236, -9.0712, 0.0098
2025-03-05 02:35:06.382444, 320, 240, 6.7940, -0.0048, -0.0101, 0.0059, 0.3040, -9.0712, 0.0098
2025-03-05 02:35:06.415343, 320, 240, 7.4780, -0.0043, -0.0117, 0.0053, 0.3236, -9.0712, 0.0000
2025-03-05 02:35:06.481158, 320, 240, 6.7170, -0.0005, -0.0064, 0.0027, 0.3236, -9.0712, 0.0098
2025-03-05 02:35:06.514667, 320, 240, 6.3580, 0.0011, -0.0027, 0.0027, 0.3236, -9.0712, 0.0098
2025-03-05 02:35:06.579475, 320, 240, 7.0350, 0.0005, -0.0080, 0.0016, 0.3236, -9.0908, 0.0098
2025-03-05 02:35:06.612878, 320, 240, 6.6800, -0.0021, -0.0107, 0.0048, 0.3236, -9.0712, 0.0098
2025-03-05 02:35:06.679862, 320, 240, 6.7170, 0.0021, -0.0059, 0.0021, 0.3236, -9.0712, 0.0098
2025-03-05 02:35:06.713046, 320, 240, 6.6800, -0.0043, -0.0059, -0.0005, 0.3236, -9.0908, 0.0098
2025-03-05 02:35:06.778487, 320, 240, 7.2500, -0.0027, -0.0096, 0.0027, 0.3236, -9.0908, 0.0098
2025-03-05 02:35:06.812786, 320, 240, 6.6060, 0.0005, -0.0043, 0.0048, 0.3236, -9.0712, 0.0098
2025-03-05 02:35:06.878298, 320, 240, 6.8330, 0.0037, -0.0069, 0.0032, 0.3236, -9.0712, 0.0294
2025-03-05 02:35:06.911196, 320, 240, 6.8730, 0.0011, -0.0085, 0.0032, 0.3040, -9.0515, 0.0294
2025-03-05 02:35:06.978093, 320, 240, 6.7940, -0.0021, -0.0085, 0.0011, 0.3236, -9.0712, 0.0294
2025-03-05 02:35:07.010660, 320, 240, 6.6800, 0.0021, -0.0016, 0.0000, 0.3236, -9.0515, 0.0098
2025-03-05 02:35:07.077024, 320, 240, 6.7940, 0.0016, -0.0064, 0.0075, 0.3040, -9.0712, 0.0098
2025-03-05 02:35:07.110096, 320, 240, 6.7170, 0.0011, -0.0059, 0.0064, 0.3040, -9.0712, 0.0098
2025-03-05 02:35:07.176081, 320, 240, 6.7940, 0.0000, -0.0138, 0.0011, 0.3236, -9.0712, 0.0098
2025-03-05 02:35:07.209415, 320, 240, 7.0770, -0.0021, -0.0064, 0.0048, 0.3236, -9.0712, 0.0098
2025-03-05 02:35:07.275562, 320, 240, 6.7560, -0.0037, -0.0096, 0.0005, 0.3040, -9.0712, 0.0098
2025-03-05 02:35:07.308728, 320, 240, 6.7560, 0.0011, -0.0080, 0.0053, 0.3040, -9.0712, 0.0000
2025-03-05 02:35:07.374877, 320, 240, 6.8730, 0.0011, -0.0059, 0.0011, 0.3236, -9.0712, 0.0098
2025-03-05 02:35:07.407981, 320, 240, 6.7940, -0.0037, -0.0112, 0.0043, 0.3236, -9.0712, 0.0000
2025-03-05 02:35:07.474316, 320, 240, 6.5690, 0.0000, -0.0059, 0.0037, 0.3236, -9.0712, 0.0294
2025-03-05 02:35:07.573535, 320, 240, 6.5690, 0.0000, -0.0043, 0.0021, 0.3236, -9.0712, 0.0294
2025-03-05 02:35:07.604948, 320, 240, 6.8730, 0.0005, -0.0101, 0.0043, 0.3236, -9.0712, 0.0098
2025-03-05 02:35:07.673302, 320, 240, 6.4620, 0.0011, -0.0059, 0.0016, 0.3236, -9.0712, 0.0098
2025-03-05 02:35:07.706486, 320, 240, 6.6800, 0.0005, -0.0101, 0.0021, 0.3236, -9.0712, 0.0098
2025-03-05 02:35:07.771300, 320, 240, 6.7170, 0.0021, -0.0048, -0.0011, 0.3236, -9.0908, 0.0098
2025-03-05 02:35:07.805365, 320, 240, 7.1200, 0.0016, -0.0069, -0.0032, 0.3236, -9.0712, 0.0098
2025-03-05 02:35:07.871529, 320, 240, 6.6800, 0.0027, -0.0112, 0.0064, 0.3236, -9.0712, 0.0000
2025-03-05 02:35:07.904603, 320, 240, 6.0360, -0.0005, -0.0053, 0.0005, 0.3236, -9.0712, 0.0098
2025-03-05 02:35:07.970726, 320, 240, 6.4970, -0.0005, -0.0075, 0.0021, 0.3040, -9.0908, 0.0098
2025-03-05 02:35:08.003970, 320, 240, 6.6060, -0.0032, -0.0080, 0.0032, 0.3040, -9.0712, 0.0294
2025-03-05 02:35:08.070044, 320, 240, 6.6800, -0.0016, -0.0091, 0.0000, 0.3236, -9.0712, 0.0098
2025-03-05 02:35:08.103304, 320, 240, 6.8730, -0.0021, -0.0059, 0.0016, 0.3236, -9.0712, 0.0000
2025-03-05 02:35:08.169210, 320, 240, 6.6800, -0.0016, -0.0080, 0.0032, 0.3236, -9.0712, 0.0098
2025-03-05 02:35:08.202312, 320, 240, 6.7560, 0.0000, -0.0064, 0.0011, 0.3040, -9.0712, 0.0098
2025-03-05 02:35:08.268984, 320, 240, 6.6800, -0.0016, -0.0112, 0.0011, 0.3236, -9.0712, 0.0098
2025-03-05 02:35:08.302058, 320, 240, 6.4620, -0.0011, -0.0027, 0.0021, 0.3040, -9.0712, 0.0000
2025-03-05 02:35:08.368415, 320, 240, 6.4970, -0.0053, -0.0085, 0.0043, 0.3236, -9.0712, 0.0098
2025-03-05 02:35:21.263793, 320, 240, 6.6060, -0.0011, -0.0043, 0.0037, 0.3236, -9.0515, 0.0098
2025-03-05 02:35:21.295621, 320, 240, 6.7560, 0.0005, -0.0075, 0.0000, 0.3236, -9.0712, 0.0098
2025-03-05 02:35:21.363806, 320, 240, 6.6800, 0.0016, -0.0144, 0.0005, 0.3040, -9.0712, 0.0098
2025-03-05 02:35:21.397231, 320, 240, 6.7940, -0.0016, -0.0101, 0.0021, 0.3236, -9.0712, 0.0000
2025-03-05 02:35:21.463589, 320, 240, 7.5250, -0.0064, -0.0101, 0.0032, 0.3040, -9.0712, 0.0000
2025-03-05 02:35:21.496986, 320, 240, 6.7940, -0.0027, -0.0059, 0.0032, 0.3236, -9.0712, 0.0098
2025-03-05 02:35:21.563274, 320, 240, 6.9940, 0.0011, -0.0021, 0.0021, 0.3236, -9.0712, 0.0294
2025-03-05 02:35:21.596760, 320, 240, 7.3850, -0.0011, -0.0101, 0.0037, 0.3040, -9.0908, 0.0098
2025-03-05 02:35:21.663927, 320, 240, 6.5690, -0.0005, -0.0059, 0.0032, 0.3236, -9.0712, 0.0098
2025-03-05 02:35:21.696841, 320, 240, 7.4780, -0.0048, -0.0059, 0.0043, 0.3236, -9.0712, 0.0098
2025-03-05 02:35:21.763532, 320, 240, 6.2580, -0.0011, -0.0085, 0.0000, 0.3236, -9.0515, 0.0098
2025-03-05 02:35:21.796792, 320, 240, 6.2910, 0.0016, -0.0064, 0.0027, 0.3236, -9.0712, 0.0098
2025-03-05 02:35:21.863142, 320, 240, 7.3850, 0.0000, -0.0075, 0.0011, 0.3040, -9.0908, 0.0098
2025-03-05 02:35:21.896519, 320, 240, 6.1610, 0.0000, -0.0059, 0.0027, 0.3236, -9.0908, 0.0098
2025-03-05 02:35:21.962525, 320, 240, 6.9130, 0.0016, -0.0075, 0.0027, 0.3040, -9.0712, 0.0000
2025-03-05 02:35:21.995150, 320, 240, 6.8330, 0.0000, -0.0048, 0.0011, 0.3040, -9.0712, 0.0098
2025-03-05 02:35:22.063056, 320, 240, 6.7170, 0.0005, -0.0064, 0.0016, 0.3236, -9.0712, 0.0098
2025-03-05 02:35:22.096061, 320, 240, 7.0350, 0.0000, -0.0154, 0.0048, 0.3040, -9.0712, 0.0098
2025-03-05 02:35:22.162134, 320, 240, 7.0350, 0.0005, -0.0032, 0.0032, 0.3040, -9.0712, 0.0000
2025-03-05 02:35:22.229449, 320, 240, 6.6420, -0.0005, -0.0112, 0.0043, 0.3236, -9.0515, 0.0098
2025-03-05 02:35:22.263092, 320, 240, 6.6800, 0.0005, -0.0085, 0.0048, 0.3236, -9.0712, 0.0294
2025-03-05 02:35:22.329653, 320, 240, 6.7170, -0.0037, -0.0069, 0.0032, 0.3236, -9.0712, 0.0098
2025-03-05 02:35:22.363000, 320, 240, 6.7170, 0.0000, -0.0128, 0.0016, 0.3236, -9.0712, 0.0098
2025-03-05 02:35:22.429293, 320, 240, 6.9130, 0.0027, -0.0048, 0.0027, 0.3040, -9.0712, 0.0098
2025-03-05 02:35:22.462778, 320, 240, 5.8570, -0.0011, -0.0032, 0.0027, 0.3236, -9.0712, 0.0098
2025-03-05 02:35:22.529349, 320, 240, 6.6800, -0.0005, -0.0048, 0.0016, 0.3236, -9.0712, 0.0294
2025-03-05 02:35:22.562564, 320, 240, 6.1290, 0.0016, -0.0107, 0.0037, 0.3236, -9.0712, 0.0294
2025-03-05 02:35:22.628021, 320, 240, 6.7560, 0.0027, -0.0011, 0.0037, 0.3040, -9.0712, 0.0098
2025-03-05 02:35:22.728989, 320, 240, 6.7170, -0.0043, -0.0123, 0.0021, 0.3236, -9.0712, 0.0098
2025-03-05 02:35:22.762385, 320, 240, 6.6800, -0.0021, -0.0053, -0.0011, 0.3236, -9.0712, 0.0098
2025-03-05 02:35:22.828701, 320, 240, 6.4620, -0.0032, -0.0080, 0.0037, 0.3040, -9.0712, 0.0000
2025-03-05 02:35:22.862403, 320, 240, 6.8330, -0.0016, -0.0053, 0.0021, 0.3236, -9.0712, 0.0098
2025-03-05 02:35:22.928900, 320, 240, 6.8730, 0.0000, -0.0107, -0.0005, 0.3236, -9.0712, 0.0098
2025-03-05 02:35:22.962294, 320, 240, 6.3580, 0.0000, -0.0096, 0.0048, 0.3432, -9.0712, 0.0098
2025-03-05 02:35:23.028400, 320, 240, 6.4970, 0.0027, -0.0112, 0.0021, 0.3236, -9.0712, 0.0098
2025-03-05 02:35:23.062225, 320, 240, 6.8730, -0.0016, -0.0069, 0.0059, 0.3040, -9.0712, 0.0098
2025-03-05 02:35:23.162113, 320, 240, 6.8730, 0.0000, -0.0064, 0.0032, 0.3236, -9.0712, 0.0098
2025-03-05 02:35:23.194866, 320, 240, 6.9130, -0.0011, -0.0091, 0.0059, 0.3236, -9.0712, 0.0098
2025-03-05 02:35:23.262395, 320, 240, 6.1610, -0.0027, -0.0107, 0.0021, 0.3040, -9.0712, 0.0098
2025-03-05 02:35:23.294455, 320, 240, 6.7170, 0.0027, -0.0064, 0.0048, 0.3236, -9.0712, 0.0294
2025-03-05 02:35:23.361603, 320, 240, 6.6800, -0.0016, -0.0101, -0.0011, 0.3236, -9.0712, 0.0000
2025-03-05 02:35:23.395300, 320, 240, 6.8330, 0.0027, -0.0032, 0.0027, 0.3236, -9.0712, 0.0098
2025-03-05 02:35:23.461693, 320, 240, 6.6420, 0.0027, -0.0075, 0.0016, 0.3236, -9.0712, 0.0098
2025-03-05 02:35:23.594930, 320, 240, 7.2060, 0.0027, -0.0069, 0.0021, 0.3236, -9.0515, 0.0294
2025-03-05 02:35:23.626842, 320, 240, 6.7940, 0.0027, -0.0080, -0.0027, 0.3236, -9.0515, 0.0000
2025-03-05 02:35:23.694879, 320, 240, 7.0770, -0.0032, -0.0117, 0.0021, 0.3040, -9.0712, 0.0098
2025-03-05 02:35:23.727700, 320, 240, 6.7940, -0.0016, -0.0085, 0.0043, 0.3236, -9.0712, 0.0098
2025-03-05 02:35:23.794826, 320, 240, 6.8730, -0.0021, -0.0037, 0.0053, 0.3236, -9.0712, 0.0294
2025-03-05 02:35:23.828145, 320, 240, 6.8730, 0.0037, -0.0080, 0.0043, 0.3236, -9.0712, 0.0000
2025-03-05 02:35:23.894813, 320, 240, 6.7940, -0.0027, -0.0101, 0.0037, 0.3236, -9.0712, 0.0294
2025-03-05 02:35:23.928091, 320, 240, 6.8730, -0.0005, -0.0064, 0.0016, 0.3040, -9.0712, 0.0294
2025-03-05 02:35:23.994132, 320, 240, 6.8330, -0.0043, -0.0107, 0.0011, 0.3432, -9.0712, 0.0098
2025-03-05 02:35:24.028028, 320, 240, 6.9940, 0.0005, -0.0091, 0.0032, 0.3236, -9.0908, 0.0098
2025-03-05 02:35:24.094582, 320, 240, 6.7170, 0.0021, -0.0069, 0.0027, 0.3236, -9.0908, 0.0098
2025-03-05 02:35:24.128020, 320, 240, 6.8730, 0.0021, -0.0075, 0.0053, 0.3236, -9.0515, 0.0098
2025-03-05 02:35:24.194497, 320, 240, 6.2910, -0.0027, -0.0069, 0.0016, 0.3236, -9.0712, 0.0000
2025-03-05 02:35:24.227746, 320, 240, 6.8330, 0.0027, -0.0059, -0.0011, 0.3236, -9.0908, 0.0098
2025-03-05 02:35:24.294538, 320, 240, 6.8730, -0.0005, -0.0032, 0.0005, 0.3040, -9.0515, 0.0098
2025-03-05 02:35:24.360695, 320, 240, 6.8730, -0.0005, -0.0112, 0.0043, 0.3040, -9.0712, 0.0098
2025-03-05 02:35:24.394498, 320, 240, 6.6420, -0.0048, -0.0112, 0.0037, 0.3236, -9.0515, 0.0000
2025-03-05 02:35:24.461021, 320, 240, 6.4620, -0.0016, -0.0091, -0.0016, 0.3236, -9.0712, 0.0098
2025-03-05 02:35:24.494320, 320, 240, 6.8330, 0.0000, -0.0091, 0.0027, 0.3236, -9.0712, 0.0098
2025-03-05 02:35:24.560669, 320, 240, 6.7170, 0.0021, -0.0096, 0.0027, 0.3236, -9.0712, 0.0294
2025-03-05 02:35:24.594389, 320, 240, 6.8330, 0.0032, -0.0091, -0.0016, 0.3236, -9.0712, 0.0098
2025-03-05 02:35:24.660583, 320, 240, 6.8730, 0.0043, -0.0075, 0.0000, 0.3040, -9.0712, 0.0098
2025-03-05 02:35:24.694349, 320, 240, 6.6060, -0.0016, -0.0059, 0.0048, 0.3236, -9.0712, 0.0000
2025-03-05 02:35:24.760713, 320, 240, 6.7170, -0.0021, -0.0096, 0.0027, 0.3236, -9.0515, 0.0098
2025-03-05 02:35:24.825780, 320, 240, 6.7560, 0.0027, -0.0091, 0.0016, 0.3040, -9.0712, 0.0294
2025-03-05 02:35:24.860751, 320, 240, 6.6800, -0.0032, -0.0075, 0.0053, 0.3040, -9.0712, 0.0098
2025-03-05 02:35:24.927119, 320, 240, 6.7170, -0.0032, -0.0085, 0.0053, 0.3040, -9.0712, 0.0000
2025-03-05 02:35:24.960729, 320, 240, 6.4970, -0.0016, -0.0085, -0.0032, 0.3236, -9.0712, 0.0294
2025-03-05 02:35:25.027098, 320, 240, 6.9530, 0.0027, -0.0064, 0.0027, 0.3236, -9.0712, 0.0098
2025-03-05 02:35:25.094007, 320, 240, 6.7560, 0.0016, -0.0112, 0.0005, 0.3236, -9.0712, 0.0098
2025-03-05 02:35:25.127612, 320, 240, 6.7940, -0.0053, -0.0112, 0.0027, 0.3040, -9.0908, 0.0098
2025-03-05 02:35:25.193910, 320, 240, 6.7560, 0.0000, -0.0080, 0.0059, 0.3236, -9.0712, 0.0098
2025-03-05 02:35:25.227184, 320, 240, 6.5690, 0.0000, -0.0059, 0.0016, 0.3236, -9.0712, 0.0098
2025-03-05 02:35:25.293630, 320, 240, 6.7940, -0.0005, -0.0037, -0.0011, 0.3236, -9.0712, 0.0098
2025-03-05 02:35:25.325928, 320, 240, 6.7940, -0.0027, -0.0096, -0.0011, 0.3236, -9.0712, 0.0098
2025-03-05 02:35:25.393814, 320, 240, 6.7560, 0.0005, -0.0075, -0.0011, 0.3236, -9.0712, 0.0294
2025-03-05 02:35:25.427125, 320, 240, 6.7170, 0.0011, -0.0096, 0.0000, 0.3040, -9.0712, 0.0098
2025-03-05 02:35:25.493760, 320, 240, 6.2910, 0.0000, -0.0048, 0.0043, 0.3236, -9.0712, 0.0098
2025-03-05 02:35:25.527069, 320, 240, 6.8730, 0.0016, -0.0021, 0.0016, 0.3236, -9.0712, 0.0000
2025-03-05 02:35:25.593702, 320, 240, 6.6800, 0.0053, -0.0080, 0.0005, 0.3040, -9.0712, 0.0098
2025-03-05 02:35:25.625381, 320, 240, 6.8330, 0.0011, -0.0021, 0.0011, 0.3040, -9.0712, 0.0098
2025-03-05 02:35:25.693402, 320, 240, 6.7170, -0.0016, -0.0021, 0.0005, 0.3236, -9.0712, 0.0098
2025-03-05 02:35:25.793174, 320, 240, 6.8730, 0.0005, -0.0085, 0.0011, 0.3236, -9.0712, 0.0294
2025-03-05 02:35:25.827030, 320, 240, 6.7170, -0.0027, -0.0064, 0.0005, 0.3040, -9.0712, 0.0000
2025-03-05 02:35:25.893345, 320, 240, 6.3580, -0.0027, -0.0112, 0.0032, 0.3040, -9.0712, 0.0098
2025-03-05 02:35:25.927013, 320, 240, 6.7170, -0.0021, -0.0091, 0.0016, 0.3236, -9.0712, 0.0000
2025-03-05 02:35:25.993271, 320, 240, 6.6800, -0.0005, -0.0027, 0.0037, 0.3040, -9.0712, 0.0098
2025-03-05 02:35:26.026741, 320, 240, 7.2500, -0.0005, -0.0075, 0.0053, 0.3040, -9.0712, 0.0098
2025-03-05 02:35:26.093188, 320, 240, 6.7560, 0.0016, -0.0011, 0.0027, 0.3236, -9.0712, 0.0000
2025-03-05 02:35:26.126726, 320, 240, 6.6060, 0.0005, -0.0075, 0.0021, 0.3236, -9.0712, 0.0098
2025-03-05 02:35:26.193215, 320, 240, 6.9940, -0.0011, -0.0064, 0.0032, 0.3236, -9.0712, 0.0098
2025-03-05 02:35:26.226629, 320, 240, 6.3580, -0.0016, -0.0064, -0.0005, 0.3040, -9.0712, 0.0098
2025-03-05 02:35:26.292968, 320, 240, 6.8330, 0.0016, -0.0059, 0.0043, 0.3040, -9.0712, 0.0098
2025-03-05 02:35:26.324945, 320, 240, 7.2060, -0.0027, -0.0075, 0.0043, 0.3236, -9.0712, 0.0294
2025-03-05 02:35:26.393006, 320, 240, 6.7560, 0.0016, -0.0075, 0.0021, 0.3236, -9.0712, 0.0098
2025-03-05 02:35:26.426521, 320, 240, 6.8730, -0.0032, -0.0107, 0.0021, 0.3236, -9.0515, 0.0098
2025-03-05 02:35:26.492915, 320, 240, 6.5330, -0.0027, -0.0096, 0.0037, 0.3236, -9.0515, 0.0098
2025-03-05 02:35:26.526213, 320, 240, 6.8330, 0.0016, -0.0085, 0.0021, 0.3236, -9.0712, 0.0294
2025-03-05 02:35:26.592596, 320, 240, 6.7170, -0.0027, -0.0037, 0.0016, 0.3236, -9.0515, 0.0098
2025-03-05 02:35:26.625610, 320, 240, 6.2580, -0.0032, -0.0123, 0.0037, 0.3236, -9.0712, 0.0098
2025-03-05 02:35:26.692961, 320, 240, 6.7940, -0.0032, -0.0069, 0.0037, 0.3040, -9.0712, 0.0000
2025-03-05 02:35:26.726310, 320, 240, 6.7560, -0.0005, -0.0075, 0.0016, 0.3236, -9.0712, 0.0098
2025-03-05 02:35:26.792591, 320, 240, 6.5330, -0.0005, -0.0080, 0.0021, 0.3040, -9.0712, 0.0098
2025-03-05 02:35:26.826140, 320, 240, 6.8330, 0.0000, -0.0016, -0.0016, 0.3236, -9.0515, 0.0294
2025-03-05 02:35:26.892598, 320, 240, 6.3920, 0.0037, -0.0075, -0.0005, 0.3040, -9.0712, 0.0098
2025-03-05 02:35:26.926201, 320, 240, 6.2580, -0.0043, -0.0032, 0.0016, 0.3236, -9.0712, 0.0098
2025-03-05 02:35:26.992750, 320, 240, 6.7170, 0.0037, -0.0091, 0.0011, 0.3040, -9.0712, 0.0294
2025-03-05 02:35:27.026131, 320, 240, 6.9940, 0.0000, -0.0059, 0.0016, 0.3040, -9.0515, 0.0000
2025-03-05 02:35:27.126042, 320, 240, 6.8330, 0.0005, -0.0064, 0.0053, 0.3236, -9.0712, 0.0098
2025-03-05 02:35:27.159235, 320, 240, 6.6800, 0.0027, -0.0069, 0.0021, 0.3040, -9.0712, 0.0098
2025-03-05 02:35:27.225230, 320, 240, 6.6060, -0.0032, -0.0027, 0.0075, 0.3040, -9.0515, 0.0098
2025-03-05 02:35:27.291563, 320, 240, 6.8330, -0.0005, -0.0091, 0.0032, 0.3236, -9.0712, 0.0098
2025-03-05 02:35:27.325045, 320, 240, 6.9940, 0.0005, -0.0059, 0.0011, 0.3236, -9.0515, 0.0000
2025-03-05 02:35:27.392334, 320, 240, 6.6800, 0.0016, -0.0064, 0.0027, 0.3236, -9.0712, 0.0000
2025-03-05 02:35:27.425619, 320, 240, 6.4620, -0.0027, -0.0032, 0.0059, 0.3236, -9.0712, 0.0294
2025-03-05 02:35:27.492207, 320, 240, 6.7170, 0.0000, -0.0069, 0.0037, 0.3040, -9.0908, 0.0098
2025-03-05 02:35:27.525779, 320, 240, 7.2500, -0.0027, -0.0064, 0.0032, 0.3236, -9.0908, 0.0000
2025-03-05 02:35:27.592253, 320, 240, 6.7170, 0.0011, -0.0048, 0.0048, 0.3236, -9.0515, 0.0098
2025-03-05 02:35:27.858739, 320, 240, 6.6420, -0.0005, -0.0091, 0.0005, 0.3236, -9.0712, 0.0098
2025-03-05 02:35:27.892219, 320, 240, 6.6060, 0.0011, -0.0096, 0.0000, 0.3236, -9.0712, 0.0000
2025-03-05 02:35:27.958779, 320, 240, 6.9130, 0.0005, -0.0059, 0.0016, 0.3236, -9.0712, 0.0098
2025-03-05 02:35:27.992342, 320, 240, 6.6800, -0.0005, -0.0107, 0.0021, 0.3236, -9.0712, 0.0098
2025-03-05 02:35:28.058688, 320, 240, 6.7170, 0.0021, -0.0059, 0.0027, 0.3236, -9.0712, 0.0098
2025-03-05 02:35:28.092074, 320, 240, 6.6800, -0.0032, -0.0053, 0.0027, 0.3236, -9.0712, 0.0098
2025-03-05 02:35:28.158927, 320, 240, 6.6060, -0.0005, -0.0107, 0.0016, 0.3236, -9.0712, 0.0098
2025-03-05 02:35:28.192178, 320, 240, 6.7560, 0.0027, -0.0059, 0.0011, 0.3236, -9.0712, 0.0098
2025-03-05 02:35:28.258317, 320, 240, 6.8730, 0.0016, -0.0069, 0.0027, 0.3040, -9.0712, 0.0098
2025-03-05 02:35:28.292061, 320, 240, 7.0770, 0.0021, -0.0064, 0.0053, 0.3040, -9.0712, 0.0000
2025-03-05 02:35:28.358531, 320, 240, 6.5690, -0.0021, -0.0091, 0.0048, 0.3236, -9.0515, 0.0000
2025-03-05 02:35:28.525086, 320, 240, 6.5330, 0.0016, -0.0064, 0.0011, 0.3236, -9.0515, 0.0098
2025-03-05 02:35:28.558477, 320, 240, 6.7560, -0.0032, -0.0091, 0.0032, 0.3040, -9.0712, 0.0098
2025-03-05 02:35:43.873185, 320, 240, 6.8330, 0.0043, -0.0059, 0.0027, 0.3236, -9.0712, 0.0098
2025-03-05 02:35:43.904714, 320, 240, 6.6800, 0.0016, -0.0096, 0.0016, 0.3040, -9.0712, 0.0294
2025-03-05 02:35:43.972453, 320, 240, 6.5690, 0.0053, -0.0053, 0.0021, 0.3236, -9.0515, 0.0098
2025-03-05 02:35:44.006624, 320, 240, 7.0770, 0.0016, -0.0107, 0.0000, 0.3236, -9.0712, 0.0000
2025-03-05 02:35:44.073235, 320, 240, 6.5330, 0.0037, -0.0085, 0.0032, 0.3236, -9.0712, 0.0098
2025-03-05 02:35:44.106996, 320, 240, 6.7560, -0.0048, -0.0101, 0.0053, 0.3236, -9.0515, 0.0098
2025-03-05 02:35:44.172592, 320, 240, 6.7560, -0.0016, -0.0043, 0.0043, 0.3236, -9.0908, 0.0000
2025-03-05 02:35:44.207185, 320, 240, 6.5330, 0.0021, -0.0069, 0.0011, 0.3040, -9.0712, 0.0098
2025-03-05 02:35:44.273136, 320, 240, 6.5690, -0.0037, -0.0069, 0.0011, 0.3040, -9.0908, 0.0098
2025-03-05 02:35:44.307304, 320, 240, 6.9130, -0.0043, -0.0091, 0.0000, 0.3236, -9.0908, 0.0098
2025-03-05 02:35:44.374147, 320, 240, 6.8330, -0.0005, -0.0085, 0.0037, 0.3040, -9.0515, 0.0098
2025-03-05 02:35:44.407656, 320, 240, 6.6420, -0.0011, -0.0075, 0.0005, 0.3040, -9.0712, 0.0098
2025-03-05 02:35:44.474460, 320, 240, 6.8730, -0.0021, -0.0085, 0.0027, 0.3236, -9.0712, 0.0000
2025-03-05 02:35:44.508009, 320, 240, 6.2580, -0.0005, -0.0064, 0.0011, 0.3236, -9.0515, 0.0098
2025-03-05 02:35:44.574811, 320, 240, 6.7940, -0.0016, -0.0048, 0.0011, 0.3236, -9.0712, 0.0000
2025-03-05 02:35:44.608216, 320, 240, 6.8330, -0.0005, -0.0117, 0.0032, 0.3236, -9.0712, 0.0098
2025-03-05 02:35:44.674831, 320, 240, 6.9130, -0.0011, -0.0085, 0.0000, 0.3236, -9.0515, 0.0098
2025-03-05 02:35:44.708429, 320, 240, 6.5690, -0.0016, -0.0075, 0.0037, 0.3040, -9.0712, 0.0294
2025-03-05 02:35:44.775352, 320, 240, 6.8730, 0.0005, -0.0037, 0.0032, 0.3040, -9.0712, 0.0098
2025-03-05 02:35:44.808775, 320, 240, 6.9940, -0.0011, -0.0032, 0.0032, 0.3040, -9.0712, 0.0294
2025-03-05 02:35:44.875731, 320, 240, 6.7560, -0.0005, -0.0069, 0.0011, 0.3236, -9.0712, 0.0098
2025-03-05 02:35:44.908002, 320, 240, 6.8330, -0.0021, -0.0032, 0.0000, 0.3040, -9.0712, 0.0000
2025-03-05 02:35:44.974722, 320, 240, 6.7940, -0.0037, -0.0075, 0.0032, 0.3236, -9.0515, 0.0098
2025-03-05 02:35:45.009199, 320, 240, 6.5330, -0.0016, -0.0096, 0.0021, 0.3236, -9.0712, 0.0098
2025-03-05 02:35:45.075934, 320, 240, 6.7170, -0.0011, -0.0053, 0.0037, 0.3040, -9.0515, 0.0098
2025-03-05 02:35:45.109479, 320, 240, 6.8730, 0.0000, -0.0075, 0.0048, 0.3236, -9.0712, 0.0000
2025-03-05 02:35:45.176109, 320, 240, 6.9130, -0.0005, -0.0075, 0.0037, 0.3040, -9.0712, 0.0098
2025-03-05 02:35:45.209462, 320, 240, 6.4620, 0.0005, -0.0075, -0.0016, 0.3040, -9.0712, 0.0294
2025-03-05 02:35:45.276385, 320, 240, 6.6060, -0.0005, -0.0016, 0.0032, 0.3236, -9.0712, 0.0098
2025-03-05 02:35:45.309580, 320, 240, 6.6800, 0.0021, -0.0064, 0.0005, 0.3236, -9.0515, 0.0098
2025-03-05 02:35:45.376772, 320, 240, 6.9530, 0.0011, -0.0123, 0.0011, 0.3040, -9.0515, 0.0098
2025-03-05 02:35:45.410027, 320, 240, 6.7170, -0.0032, -0.0048, 0.0053, 0.3236, -9.0712, 0.0098
2025-03-05 02:35:45.475372, 320, 240, 6.3920, 0.0005, -0.0096, 0.0016, 0.3236, -9.0712, 0.0098
2025-03-05 02:35:45.509842, 320, 240, 6.8330, 0.0005, -0.0064, 0.0000, 0.3236, -9.0712, 0.0000
2025-03-05 02:35:45.577021, 320, 240, 6.5690, 0.0000, -0.0075, 0.0016, 0.3236, -9.0712, 0.0294
2025-03-05 02:35:45.610460, 320, 240, 6.7560, 0.0021, -0.0075, 0.0011, 0.3236, -9.0515, 0.0000
2025-03-05 02:35:45.677163, 320, 240, 6.7170, -0.0005, -0.0069, 0.0032, 0.3236, -9.0712, 0.0000
2025-03-05 02:35:45.710538, 320, 240, 6.4620, 0.0016, -0.0011, 0.0021, 0.3236, -9.0712, 0.0000
2025-03-05 02:35:45.776899, 320, 240, 6.7170, 0.0005, -0.0080, 0.0021, 0.3236, -9.0515, 0.0098
2025-03-05 02:35:45.810962, 320, 240, 6.6800, -0.0027, -0.0043, 0.0069, 0.3236, -9.0712, 0.0098
2025-03-05 02:35:45.878192, 320, 240, 6.8330, 0.0032, -0.0085, 0.0037, 0.3040, -9.0712, 0.0098
2025-03-05 02:35:45.909546, 320, 240, 6.6060, 0.0021, -0.0085, 0.0011, 0.3236, -9.0515, 0.0000
2025-03-05 02:35:45.978333, 320, 240, 6.6420, 0.0021, -0.0085, 0.0043, 0.3236, -9.0712, 0.0294
2025-03-05 02:35:46.011503, 320, 240, 6.4970, -0.0021, -0.0085, -0.0027, 0.3040, -9.0712, 0.0098
2025-03-05 02:35:46.078262, 320, 240, 6.8330, -0.0021, -0.0032, 0.0059, 0.3040, -9.0515, 0.0098
2025-03-05 02:35:46.111754, 320, 240, 6.8730, -0.0011, -0.0075, 0.0053, 0.3040, -9.0712, 0.0098
2025-03-05 02:35:46.178066, 320, 240, 6.7940, 0.0011, -0.0059, 0.0005, 0.3040, -9.0712, 0.0098
2025-03-05 02:35:46.212024, 320, 240, 7.3850, -0.0011, -0.0085, 0.0053, 0.3040, -9.0712, 0.0098
2025-03-05 02:35:46.279405, 320, 240, 6.7560, 0.0011, -0.0085, 0.0016, 0.3236, -9.0712, 0.0294
2025-03-05 02:35:46.312568, 320, 240, 7.2500, 0.0016, -0.0085, 0.0021, 0.3236, -9.0712, 0.0098
2025-03-05 02:35:46.379538, 320, 240, 7.2060, 0.0032, -0.0085, 0.0048, 0.3236, -9.0712, 0.0098
2025-03-05 02:35:46.412489, 320, 240, 6.5330, -0.0032, -0.0138, 0.0021, 0.3236, -9.0908, 0.0098
2025-03-05 02:35:46.479216, 320, 240, 6.7940, 0.0016, -0.0096, 0.0016, 0.3236, -9.0712, 0.0098
2025-03-05 02:35:46.512837, 320, 240, 6.5690, 0.0005, -0.0059, 0.0032, 0.3236, -9.0712, 0.0098
2025-03-05 02:35:46.579416, 320, 240, 6.2580, -0.0032, -0.0043, 0.0043, 0.3040, -9.0712, 0.0098
2025-03-05 02:35:46.612883, 320, 240, 6.7170, -0.0005, -0.0037, 0.0032, 0.3040, -9.0712, 0.0098
2025-03-05 02:35:46.679464, 320, 240, 6.6800, 0.0005, -0.0085, 0.0032, 0.3236, -9.0712, 0.0294
2025-03-05 02:35:46.713089, 320, 240, 6.9130, -0.0037, -0.0085, 0.0059, 0.3040, -9.0515, 0.0098
2025-03-05 02:35:46.778665, 320, 240, 6.7940, -0.0021, -0.0064, 0.0027, 0.3236, -9.0515, 0.0294
2025-03-05 02:35:46.813123, 320, 240, 6.7940, 0.0059, -0.0064, -0.0021, 0.2844, -9.0515, 0.0098
2025-03-05 02:35:46.879870, 320, 240, 6.6420, 0.0011, -0.0059, 0.0021, 0.3236, -9.0515, 0.0098
2025-03-05 02:35:46.912028, 320, 240, 7.0350, -0.0011, -0.0064, 0.0059, 0.3236, -9.0712, 0.0000
2025-03-05 02:35:46.980238, 320, 240, 6.9130, 0.0016, -0.0075, -0.0016, 0.3040, -9.0712, 0.0098
2025-03-05 02:35:47.013739, 320, 240, 6.9130, 0.0000, -0.0059, 0.0011, 0.3236, -9.0712, 0.0098
2025-03-05 02:35:47.080001, 320, 240, 6.5690, -0.0027, -0.0080, 0.0016, 0.3236, -9.0515, 0.0098
2025-03-05 02:35:47.113824, 320, 240, 6.7560, 0.0075, -0.0032, 0.0021, 0.3236, -9.0712, 0.0000
2025-03-05 02:35:47.179172, 320, 240, 6.7170, 0.0005, -0.0053, 0.0037, 0.3040, -9.0712, 0.0098
2025-03-05 02:35:47.213989, 320, 240, 6.6800, -0.0027, -0.0117, 0.0048, 0.3040, -9.0712, 0.0098
2025-03-05 02:35:47.280773, 320, 240, 6.6800, -0.0021, -0.0064, 0.0011, 0.3236, -9.0712, 0.0098
2025-03-05 02:35:47.314315, 320, 240, 6.8730, 0.0000, -0.0075, 0.0027, 0.3040, -9.0712, 0.0098
2025-03-05 02:35:47.380699, 320, 240, 6.5330, -0.0021, -0.0075, 0.0011, 0.3040, -9.0515, 0.0098
2025-03-05 02:35:47.414212, 320, 240, 6.7560, -0.0048, -0.0075, 0.0037, 0.3236, -9.0712, 0.0098
2025-03-05 02:35:47.481072, 320, 240, 6.4620, -0.0027, -0.0091, 0.0053, 0.3040, -9.0712, 0.0294
2025-03-05 02:35:47.514723, 320, 240, 6.6800, -0.0027, -0.0085, 0.0000, 0.3040, -9.0712, 0.0098
2025-03-05 02:35:47.581526, 320, 240, 6.8330, -0.0011, -0.0080, 0.0043, 0.3040, -9.0712, 0.0098
2025-03-05 02:35:47.614787, 320, 240, 6.7560, -0.0016, -0.0080, 0.0011, 0.3236, -9.0712, 0.0098
2025-03-05 02:35:47.682240, 320, 240, 6.5690, 0.0005, -0.0043, 0.0027, 0.3236, -9.0515, 0.0294
2025-03-05 02:35:47.714815, 320, 240, 6.9530, 0.0000, -0.0080, 0.0011, 0.3040, -9.0515, 0.0000
2025-03-05 02:35:47.780353, 320, 240, 6.3920, 0.0011, -0.0069, 0.0027, 0.3236, -9.0515, 0.0098
2025-03-05 02:35:47.815835, 320, 240, 6.5690, -0.0037, -0.0043, 0.0005, 0.3236, -9.0712, 0.0098
2025-03-05 02:35:47.882166, 320, 240, 6.5690, -0.0032, -0.0101, -0.0027, 0.3236, -9.0515, 0.0000
2025-03-05 02:35:47.913732, 320, 240, 6.6800, -0.0016, -0.0021, -0.0005, 0.3040, -9.0712, 0.0294
2025-03-05 02:35:47.982124, 320, 240, 7.3850, 0.0043, -0.0016, 0.0037, 0.3236, -9.0712, 0.0000
2025-03-05 02:35:48.015544, 320, 240, 6.6800, -0.0011, -0.0069, 0.0043, 0.3236, -9.0515, 0.0098
2025-03-05 02:35:48.082409, 320, 240, 6.6420, -0.0021, -0.0107, 0.0037, 0.3236, -9.0712, 0.0098
2025-03-05 02:35:48.115877, 320, 240, 6.7940, -0.0021, -0.0101, 0.0011, 0.3236, -9.0908, 0.0098
2025-03-05 02:35:48.183000, 320, 240, 6.8330, 0.0016, -0.0069, 0.0000, 0.3040, -9.0712, 0.0098
2025-03-05 02:35:48.215999, 320, 240, 6.7940, -0.0016, -0.0075, 0.0005, 0.3236, -9.0908, 0.0098
2025-03-05 02:35:48.282444, 320, 240, 6.3920, -0.0059, -0.0080, 0.0048, 0.3236, -9.0712, 0.0294
2025-03-05 02:35:48.316147, 320, 240, 6.7170, -0.0021, -0.0085, 0.0043, 0.3040, -9.0712, 0.0000
2025-03-05 02:35:48.383089, 320, 240, 6.6060, 0.0011, -0.0053, 0.0032, 0.3040, -9.0712, 0.0000
2025-03-05 02:35:48.416361, 320, 240, 6.8330, 0.0000, -0.0021, -0.0005, 0.3236, -9.0712, 0.0098
2025-03-05 02:35:48.483320, 320, 240, 6.7560, 0.0000, -0.0080, 0.0016, 0.3236, -9.0712, 0.0098
2025-03-05 02:35:48.516971, 320, 240, 6.7560, 0.0005, -0.0037, 0.0059, 0.3236, -9.0712, 0.0294
2025-03-05 02:35:48.583875, 320, 240, 6.7940, 0.0000, -0.0075, 0.0000, 0.3040, -9.0712, 0.0098
2025-03-05 02:35:48.616679, 320, 240, 6.7170, 0.0037, -0.0085, 0.0005, 0.3236, -9.0712, 0.0098
2025-03-05 02:35:48.683546, 320, 240, 6.0360, -0.0005, -0.0085, 0.0005, 0.3236, -9.0712, 0.0098
2025-03-05 02:35:48.716893, 320, 240, 6.5690, -0.0016, -0.0059, 0.0043, 0.3040, -9.0712, 0.0098
2025-03-05 02:35:48.782563, 320, 240, 6.7170, -0.0021, -0.0096, 0.0011, 0.3040, -9.0908, 0.0098
2025-03-05 02:35:48.817319, 320, 240, 6.7940, 0.0000, -0.0107, 0.0037, 0.3236, -9.0712, 0.0098
2025-03-05 02:35:48.884106, 320, 240, 6.7170, -0.0011, -0.0059, 0.0048, 0.3236, -9.0712, 0.0098
2025-03-05 02:35:48.915764, 320, 240, 6.9530, 0.0027, -0.0096, 0.0037, 0.3236, -9.0712, 0.0098
2025-03-05 02:35:48.984072, 320, 240, 6.5690, -0.0016, -0.0123, 0.0016, 0.3236, -9.0712, 0.0098
2025-03-05 02:35:49.017275, 320, 240, 7.0350, -0.0021, -0.0043, 0.0032, 0.3236, -9.0712, 0.0000
